1788 3055
868 204 1079 245 -98—

332 298 432 343 Non
470 298 604 356 plura
638 296 694 342 de
733 297 820 343 hac
858 298 1014 356 operis
1051 301 1178 355 parte
1215 296 1396 350 dicam,
1436 309 1539 343 cum
1577 297 1679 355 ejus

269 381 578 428 summarium
607 382 729 440 apud
763 382 1004 428 Pellissier
1030 386 1075 426 et
1100 381 1312 440 Zschalig
1337 381 1529 428 habeas.

333 465 536 511 Alteram
587 476 691 510 vero
745 464 851 510 libri
905 469 1082 523 partem
1138 464 1388 510 scribendo
1435 464 1680 510 Sibilettus

270 548 557 594 Clementem
601 548 847 594 Marottum
898 547 1143 606 sequitur,
1183 560 1290 593 eum
1330 559 1413 606 pro
1459 546 1681 606 magistro

271 631 571 691 potissimum
614 630 781 682 habet,
814 632 914 689 ejus
958 630 1173 689 exempla
1209 630 1373 683 refert;
1409 642 1462 676 ea
1499 635 1679 676 tantum

272 715 597 774 rhythmorum
645 726 815 772 genera
862 719 1025 760 tractat
1066 726 1187 772 quae
1232 713 1477 772 usurpavit
1514 713 1682 758 Marot-

272 803 372 848 tus;
405 810 457 843 ea
483 796 781 843 commendat
806 796 980 855 quibus
1011 796 1090 842 ille
1119 796 1377 854 posteriore
1405 801 1537 855 parte
1563 796 1683 842 vitae

271 893 384 927 suae
428 893 542 926 usus
588 885 681 931 est,
728 893 781 926 ea
826 892 933 925 vero
985 879 1160 938 quibus
1208 880 1433 925 Marottus
1478 879 1526 924 in
1583 878 1679 938 pri-

273 965 361 1011 mis
413 963 552 1010 modo
600 965 875 1022 juventutae
933 963 1228 1022 temporibus
1284 962 1486 1008 indulsit
1534 967 1580 1008 et
1630 974 1685 1009 ea

272 1047 444 1094 deinde
480 1047 631 1093 colere
654 1046 820 1099 desiit,
853 1047 1067 1093 obsoleta
1095 1046 1326 1097 declarat,
1359 1058 1507 1104 eaque
1541 1046 1685 1092 silen-

271 1130 335 1176 tio
387 1129 777 1189 praetermitteret
825 1130 916 1176 nisi
968 1129 1085 1188 quid
1132 1128 1392 1188 majoribus
1441 1128 1686 1176 detrahere

276 1215 462 1261 timeret
495 1214 579 1275 (l).

337 1299 517 1344 Genera
538 1302 694 1344 autem
719 1309 839 1356 quae
869 1298 1095 1343 Marottus
1123 1297 1382 1355 posteriore
1410 1297 1529 1343 vitae
1556 1301 1687 1355 parte

274 1383 417 1429 coluit
464 1382 806 1440 Sibilettusque
860 1381 1084 1427 describit
1135 1386 1179 1427 et
1229 1381 1527 1427 commendat
1575 1385 1686 1427 sunt

274 1467 584 1526 epigramma,
636 1469 910 1516 sonnettus,
962 1465 1193 1510 canticum
1248 1462 1500 1524 (cautique,
1549 1463 1689 1509 ebant

275 1549 457 1610 lyrique
501 1564 557 1593 ou
603 1546 732 1607 ode),
764 1548 944 1599 cantio,
987 1547 1216 1606 epistula,
1258 1548 1431 1607 elegia,
1472 1547 1687 1606 dialogus

281 1631 514 1692 (eyloyue,
564 1630 808 1681 moralz'te',
860 1629 1036 1690 ferree),
1086 1644 1164 1690 coq
1215 1645 1242 1674 α
1293 1630 1457 1683 l’asne,
1507 1629 1683 1683 blason,

277 1717 479 1775 enigma,
512 1715 728 1774 planctus
763 1713 1076 1774 (complacare,
1107 1713 1439 1774 deploration).

343 1800 469 1854 Quae
505 1811 609 1845 vero
644 1811 814 1856 genera
848 1797 1038 1856 reliquit
1072 1798 1453 1856 elegantissimus
1485 1798 1689 1856 quisque

280 1888 415 1942 poeta
453 1888 496 1928 et
532 1894 586 1928 ea
627 1880 953 1927 tantummodo
987 1881 1032 1925 in
1074 1882 1303 1938 maiorum
1339 1881 1686 1927 venerationem

281 1967 478 2024 scriptor
507 1970 665 2010 noster
693 1969 1045 2016 commemorat,
1073 1970 1185 2010 sunt
1208 1964 1468 2017 rondelluS‚
1496 1964 1686 2017 ballam,

282 2055 446 2095 cantus
476 2048 659 2107 regalis,
691 2047 755 2091 lai
782 2053 825 2093 et
854 2046 1038 2092 rirelai.

349 2133 413 2177 De
442 2131 654 2177 rondello
679 2131 794 2176 haec
817 2131 929 2176 dicit
956 2131 1201 2177 Sibilettus
1230 2148 1238 2174 ;
1269 2148 1290 2172 «
1317 2132 1438 2177 Pour
1463 2144 1512 2178 ce
1533 2144 1624 2190 que
1650 2132 1693 2177 la

284 2215 475 2260 matiere
514 2214 573 2259 du
618 2214 824 2259 rondeau
866 2214 986 2259 n’est
1022 2220 1153 2260 autre
1192 2226 1281 2272 que
1323 2214 1384 2260 du
1426 2220 1596 2260 sonnet
1631 2227 1692 2260 ou

283 2299 590 2357 epigramme,
622 2302 666 2343 et
694 2298 760 2342 les
788 2295 945 2356 poetes
975 2297 1030 2343 de
1059 2310 1107 2343 ce
1136 2303 1286 2356 temps
1317 2298 1382 2344 les
1411 2298 1516 2357 plus
1545 2298 1692 2344 frians

285 2386 366 2427 ont
401 2381 548 2439 quitte
578 2381 643 2425 les
682 2380 922 2426 rondeaux
944 2379 969 2426 a
999 2381 1264 2438 l'antiquite
1300 2394 1418 2439 pour
1451 2381 1694 2428 s’arrester

284 2478 373 2511 aux
405 2465 714 2523 epigrammes
743 2470 786 2510 el
809 2470 1020 2515 sonnetz,
1052 2463 1214 2523 poeme
1248 2464 1304 2510 de
1340 2465 1566 2523 premiers
1595 2464 1693 2523 pris

284 2554 414 2595 entre
444 2549 509 2595 les
542 2548 677 2607 petis.
717 2549 771 2593 Et
802 2548 858 2593 de
884 2548 964 2593 fait
994 2553 1042 2594 tu
1073 2548 1129 2593 lis
1158 2559 1247 2606 peu
1278 2547 1335 2594 de
1364 2547 1606 2594 rondeaux
1634 2547 1692 2593 de

327 2736 369 2775 (1)
387 2735 439 2768 Cf.
465 2736 659 2769 Pollissier.
683 2746 714 2776 p.
740 2736 788 2767 34.
