1788 3055
691 189 873 229 ..5-

143 282 278 327 Anno
312 282 450 333 1869,
483 280 753 328 Fredericus
791 282 942 327 Joiion
981 282 1066 327 hac
1111 281 1168 328 de
1206 282 1398 328 materia
1434 282 1482 327 in

77 364 246 411 Schola
273 364 549 410 Chartarum
589 364 890 423 disputabat,
924 364 1004 411 sed
1040 365 1481 412 commentationem

76 459 208 493 suam
238 447 362 507 typis
391 460 634 506 nunquam
667 447 921 494 mandavit.

140 531 276 576 Anno
317 532 464 581 1882,
497 531 720 590 Georgius
755 531 1019 590 Pellissier.,
1051 531 1254 577 doctoris
1287 531 1481 591 gradum

75 609 349 672 adepturus,
374 613 599 659 Facultati
628 613 885 659 litterarum
915 614 1168 659 parisiensi
1198 614 1369 660 thesim
1393 614 1482 660 lin-

75 709 164 756 gua
190 696 337 742 latina
364 696 583 755 scriptam
623 697 916 756 proponebat
946 696 1002 741 cle
1030 696 1167 742 Semi
1191 696 1362 742 decimi
1385 712 1480 743 sae-

74 779 168 825 culi
191 779 241 824 in
269 779 487 825 Francia
511 779 704 825 Artibus
729 779 918 843 poeticis
949 779 1033 841 (l).

142 864 238 910 Hoc
263 864 310 909 in
339 864 497 910 animo
527 864 731 910 habebat
758 864 996 910 Pellissier
1021 867 1071 910 ut
1096 864 1144 909 in
1173 863 1266 910 illis
1290 863 1481 911 Artibus

76 952 320 1006 quaereret
355 959 448 1006 qua
485 947 708 1006 paulatim
746 947 1075 1006 progressione
1110 960 1258 993 novus
1288 947 1480 1006 quidam

74 1030 262 1076 animus
291 1030 483 1076 creverit
510 1030 659 1076 donec
694 1043 747 1076 ea
778 1030 967 1076 tandem
996 1035 1145 1076 aetate
1174 1029 1482 1078 effloresceret

74 1124 194 1171 quae
240 1112 366 1171 apud
411 1118 596 1158 nostros
644 1113 861 1159 homines
910 1113 1243 1159 Renovationis
1290 1113 1482 1160 nomine

72 1195 304 1254 appellata
332 1200 418 1241 est.
449 1197 514 1241 Ex
542 1196 651 1242 Arte
676 1208 817 1254 quam
845 1196 992 1242 Faber
1020 1197 1224 1255 scripsit,
1256 1197 1322 1242 uti
1351 1196 1481 1243 dece-

75 1278 170 1333 bat,
209 1278 441 1338 profectus
471 1285 557 1331 est,
590 1280 669 1338 qui
698 1279 818 1326 liber
845 1292 970 1326 auno
1006 1282 1115 1326 1521
1152 1280 1324 1332 editus,
1357 1285 1481 1327 totus

74 1363 228 1409 adhuc
263 1362 391 1407 illam
422 1362 720 1421 disciplinam
760 1362 938 1409 redolet
972 1363 1068 1415 cui,
1102 1363 1282 1409 mediae
1316 1363 1481 1410 aetatis

76 1446 384 1505 temporibus
407 1446 613 1492 obnoxia
632 1446 718 1491 fuit
740 1446 912 1504 poesis
937 1446 1070 1492 Artes
1093 1445 1257 1492 sedulo
1278 1446 1482 1505 inspexit

76 1543 193 1589 quas
230 1530 459 1588 scripsere
493 1530 743 1575 Gratianus
772 1529 828 1575 de
866 1531 1036 1581 Ponte,
1069 1529 1330 1584 Sibilettus‚
1364 1531 1482 1575 Fon-

77 1618 211 1666 tana,
251 1613 552 1672 Pelletarins,
589 1613 889 1666 Ronsardus,
930 1614 1092 1659 Petrus
1132 1613 1189 1659 de
1223 1613 1478 1666 Lauduno;

79 1695 265 1742 tandem
294 1695 351 1742 ad
377 1696 694 1742 Walkelinum
724 1696 780 1742 de
811 1695 1057 1741 Fraxineto
1084 1696 1320 1755 pervenit3
1349 1696 1482 1755 cujUs

78 1779 268 1838 quidem
305 1779 451 1831 libro,
489 1780 664 1838 quippe
703 1780 783 1839 qni
821 1779 975 1838 operis
1017 1779 1126 1826 finis
1169 1780 1228 1826 sit
1268 1784 1312 1826 et
1346 1781 1481 1838 quasi

77 1868 199 1909 meta
240 1863 434 1914 ultima,
472 1863 577 1921 plns
612 1876 751 1921 quain
788 1863 1031 1909 dimidiam
1071 1864 1481 1909 commentationis

76 1958 187 1992 suae
221 1951 399 2005 partem
434 1946 664 1992 attribuit.
698 1947 1009 2006 Sagacissime
1036 1951 1080 1993 et
1107 1952 1244 2006 prout
1273 1946 1484 1993 ferebant

75 2029 230 2088 operis
258 2029 371 2075 ordo
399 2035 443 2076 et
471 2030 720 2076 consilium
755 2030 962 2076 ostendit
996 2030 1111 2089 quid
1143 2030 1331 2077 intersit
1361 2031 1484 2076 inter

74 2112 160 2158 lios
197 2112 341 2158 libros
378 2113 458 2171 qui
498 2114 731 2172 posterius
769 2114 1017 2172 compositi
1055 2118 1166 2160 sunt
1201 2119 1245 2159 et
1280 2113 1480 2172 priorem

76 2196 207 2241 illum
235 2195 371 2241 Fabri
400 2196 604 2256 librum3
635 2209 727 2255 quo
756 2197 932 2242 scilicet
959 2208 1181 2255 processu
1215 2196 1388 2254 singuli
1418 2196 1483 2241 vi-

74 2279 230 2324 cissim
258 2278 364 2324 libri
390 2279 438 2323 in
468 2291 521 2325 ea
548 2279 617 2324 via
648 2279 1038 2338 progrederentur
1061 2291 1180 2338 quae
1207 2279 1482 2325 Renovatio·

76 2374 180 2408 nem
213 2360 401 2407 tandem
431 2362 636 2421 attingit.

140 2444 333 2490 Duobus
373 2450 478 2503 post
517 2446 688 2497 anuis,
731 2446 923 2491 alteram
970 2445 1170 2498 thesim,
1214 2444 1481 2503 germanico

78 2538 292 2573 sermone
329 2528 578 2586 scriptam,
618 2528 999 2587 Heidelbergensi
1039 2527 1341 2574 Universitati
1377 2539 1480 2586 pro-

123 2716 165 2758 (1)
186 2716 360 2758 Parisius,
385 2716 473 2757 1882,
497 2717 602 2750 ixl-8⁰.
