1788 3055
682 181 894 224 -43—

88 277 219 329 belli,
250 276 465 335 exemplo
493 275 621 328 dato,
661 293 679 316 ει
706 273 918 319 rondeau
943 272 1190 341 rondetant
1217 289 1239 316 υ
1269 272 1491 332 appellat,

89 360 208 406 nihil
235 358 390 405 differt
416 371 443 404 a
470 362 632 404 nostro
664 374 685 400 «
716 356 879 403 triolet.
911 374 929 398 ι»

154 442 388 489 Carminis
409 440 563 502 fatres
584 440 694 487 dicti
713 440 761 486 in
782 440 977 487 Baldetti
999 440 1120 486 libro
1145 443 1256 486 sunt
1277 444 1498 498 quattuor

89 525 321 584 exempla,
344 537 368 572 e
384 524 560 584 quihus
581 524 907 584 cognoscimus
929 524 1018 570 hoc
1039 535 1225 569 carmen
1248 534 1343 568 non
1365 534 1499 581 prop-

89 613 159 656 ter
186 607 448 661 materiam,
473 606 623 653 nostri
653 606 844 666 quidem
872 605 1115 665 scriptoris
1137 605 1388 658 sententia,
1416 605 1499 651 sed

90 695 280 750 propter
306 689 503 749 figuram
532 701 617 736 suo
642 689 832 736 nomine
858 689 1083 735 donatum
1109 688 1272 735 fuisse.
1299 688 1497 734 Carmen

91 773 219 834 quod
251 773 451 832 simplex
490 778 560 820 est
598 785 738 819 unam
775 777 957 819 tantum
996 771 1187 831 praebet
1225 770 1495 830 stropham,

92 869 213 916 quae
249 861 319 902 est
352 867 409 902 ex
441 855 662 902 tredecim
691 855 905 902 versibus
937 860 981 902 et
1011 855 1196 902 duobus
1232 854 1495 914 rhythmis,

92 938 258 986 tertius
309 942 463 984 autern
517 950 679 984 versus
730 938 900 985 similis
952 943 1023 985 est
1073 938 1252 998 primo,
1303 936 1499 983 ultimus

93 1020 319 1069 secundO.
348 1021 547 1067 Carmen
575 1021 703 1080 quod
738 1021 913 1081 duplex
951 1027 1021 1069 est
1056 1033 1080 1068 e
1116 1021 1303 1068 duobus
1328 1020 1497 1067 carmi-

93 1104 236 1152 nibus
288 1108 500 1157 constat,
549 1104 720 1163 prioris
774 1109 930 1152 autem
986 1105 1246 1164 comperias
1296 1103 1500 1163 primum

92 1193 137 1235 et
163 1187 422 1234 secundum
454 1199 638 1234 versum
668 1187 856 1234 eosdem
886 1200 989 1234 esse
1016 1192 1158 1246 atque
1194 1187 1390 1234 alterius
1419 1199 1494 1233 se-

94 1270 301 1318 cundum
330 1275 383 1327 et
402 1271 625 1330 primum.
659 1272 726 1318 lta
753 1276 804 1318 ut
830 1271 1030 1331 simplex
1059 1271 1126 1318 sic
1154 1271 1379 1331 figuretur
1411 1286 1420 1315 :

547 1409 1054 1462 l‚2,l.....2;

97 1544 446 1605 duplexvero:

308 1681 1299 1738 1,2‚1....2†2‚1‚2....1.

165 1818 262 1863 Hoc
287 1828 492 1869 carmen,
524 1816 620 1863 sive
647 1816 847 1875 simplex
870 1816 966 1864 sive
992 1817 1163 1876 duplex
1191 1816 1278 1873 est,
1298 1818 1508 1878 possibile

101 1900 271 1947 dicitur
297 1905 377 1946 aut
412 1899 711 1960 impossibile;
740 1900 968 1959 possibile
995 1906 1149 1947 autem
1181 1906 1251 1948 est
1284 1903 1323 1948 si
1356 1907 1509 1962 potest

101 1982 326 2043 intellegi,
358 1982 654 2042 impossihile
681 1983 719 2029 si
747 1995 842 2029 non
879 1981 963 2043 (1).

143 2179 185 2220 (1)
466 2181 598 2210 Ferme
620 2181 663 2210 de
685 2180 818 2217 simple
839 2181 954 2218 sacras
974 2183 1145 2219 possible.

367 2290 500 2331 Vierge
519 2301 539 2322 a
556 2291 617 2331 qui
638 2291 731 2322 Dieu
752 2300 791 2322 se
812 2292 936 2330 maria,

372 2350 470 2382 Pour
492 2351 637 2382 saulver
657 2351 826 2381 humaine
848 2354 988 2391 nature,

371 2409 504 2450 Vierge
525 2419 545 2441 a
569 2410 630 2450 qui
652 2410 745 2441 Dieu
766 2420 804 2441 se
827 2411 938 2442 maria

372 2468 416 2500 Et
437 2469 498 2509 qui
519 2469 549 2500 si
569 2469 675 2510 digne
695 2479 796 2510 mary
818 2480 848 2508 a,

374 2528 445 2566 Qui
466 2529 609 2570 repaira
628 2529 662 2560 la
681 2530 897 2561 fourfaiture

373 2587 544 2626 D’Adam,
567 2589 629 2628 qui
649 2597 742 2619 nous
764 2589 896 2629 inJuria

373 2646 465 2678 Tant
483 2646 589 2687 qu’en
608 2648 708 2678 enfer
731 2656 824 2678 nous
846 2648 978 2687 charia,

374 2705 416 2738 Je
437 2709 471 2738 te
495 2715 574 2747 pry‚
596 2706 733 2738 saincte
751 2710 927 2745 creature,
