1788 3055
685 275 730 280 -
764 252 785 291 3
816 273 864 280 -.

137 346 291 393 Prima
320 345 487 392 horum
514 343 742 390 librorum
766 341 946 389 utilitas
971 354 1026 389 ex
1055 343 1156 401 ipsa
1180 342 1376 390 materia
1402 356 1481 403 ap-

73 435 230 490 paret;
261 428 460 480 etenim,
493 432 543 473 ut
580 439 723 485 supra
761 425 936 471 dictum
975 430 1071 475 est,
1109 426 1370 472 accuratius
1401 425 1483 472 ad-

70 512 345 572 junctisque
372 509 601 569 exemplis
631 508 988 556 versificationis
1022 509 1145 567 leges
1179 509 1415 568 explicant
1441 515 1484 555 et

76 594 245 642 docent
282 604 402 652 quae
438 592 512 637 his
546 590 839 650 temporibus
874 590 1050 636 formae
1083 591 1131 636 in
1161 604 1250 637 usu
1278 591 1482 645 fuerint,

76 676 390 736 multipliceS‚
437 675 743 734 scrupulosae
788 680 833 721 et
878 674 1012 732 quasi
1058 675 1331 733 implicitae.
1373 674 1487 721 Inde

79 760 221 821 igitur
243 764 366 806 certo
390 770 670 818 cognoscere
687 757 793 804 licet
812 762 856 803 et
877 757 1212 803 multiformem
1231 757 1359 803 illam
1376 770 1488 816 poe-

80 843 330 890 matiorum
372 842 587 895 turbam,
618 838 870 894 rondellos,
900 839 1121 893 balZatas,
1150 840 1488 896 servantasios‚

80 925 191 979 lais,
221 924 434 977 virdunis,
461 923 742 985 pastoral63‚
774 927 888 978 et6.;
915 928 960 970 et
994 929 1108 983 quot
1150 924 1490 970 variationibus

81 1009 312 1068 cujusque
348 1021 509 1055 eorum
553 1007 702 1067 figura
738 1007 963 1066 paulatim
1009 1008 1257 1054 immutata
1301 1007 1378 1054 sit.
1409 1008 1494 1054 Tot

82 1092 407 1139 inconstantes
440 1096 485 1138 et
514 1090 649 1150 quasi
684 1090 902 1150 fugitivas
937 1089 1110 1136 formas
1140 1090 1493 1150 deprehendere

84 1181 129 1222 et
165 1174 301 1234 sequi
338 1186 618 1234 possumus,
649 1185 702 1220 ex
742 1185 835 1232 quo
869 1173 1046 1232 primas
1079 1173 1187 1219 novi
1220 1174 1289 1220 illi
1317 1173 1494 1220 fructus

84 1270 292 1318 gemmas
331 1262 554 1317 egerunt,
590 1262 641 1303 ut
674 1256 901 1315 Stephani
932 1256 1136 1302 Pascasii
1174 1256 1314 1303 verba
1352 1270 1492 1303 usur-

85 1354 192 1401 pem
221 1339 300 1402 (l),
332 1341 481 1387 donec
518 1340 830 1391 marcuerint3
864 1339 945 1398 qui
983 1339 1174 1398 quidem
1209 1340 1258 1385 in
1294 1344 1495 1386 veterem

87 1430 274 1472 nostrae
311 1425 468 1484 poesis
508 1423 716 1483 stipitem
755 1423 912 1476 insiti,
941 1435 1129 1470 omnem
1168 1424 1270 1483 ejus
1308 1435 1497 1470 succum

87 1509 423 1555 exhauserunt.

154 1591 285 1637 Adde
313 1590 442 1650 quod
470 1602 543 1636 res
579 1594 748 1635 natura
776 1588 1189 1641 indissociabiles,
1217 1589 1328 1635 hinc
1354 1589 1500 1648 poeti-

90 1687 195 1722 cum
223 1674 380 1734 ipsum
408 1674 671 1733 ingenium,
696 1673 828 1719 illinc
855 1672 1030 1719 formae
1058 1673 1232 1731 quibus
1258 1672 1499 1731 ingenium

93 1757 263 1810 utitur,
295 1757 503 1815 separari
539 1755 815 1814 neutiquam
845 1760 1071 1814 possunt,
1103 1767 1189 1800 nec
1219 1754 1276 1801 de
1303 1767 1396 1800 una
1420 1767 1504 1800 an-

96 1841 220 1900 quiri
247 1840 354 1887 licet
374 1841 489 1898 quin
516 1840 573 1886 de
600 1840 746 1886 altera
774 1838 916 1885 simul
940 1843 1120 1897 agatur.
1147 1839 1321 1884 Horum
1345 1838 1504 1896 itaque

95 1924 324 1971 librorum
357 1928 596 1976 auctores,
625 1923 841 1981 quamvis
869 1934 966 1968 non
991 1921 1240 1968 ostendere
1267 1921 1507 1967 destinent

97 2020 218 2067 quae
245 2008 324 2061 sit,
345 2007 440 2053 illis
464 2006 776 2066 temporibus,
801 2007 981 2065 poetica
1002 2005 1213 2057 facultas,
1238 2004 1507 2050 inconsulto

97 2096 254 2137 tamen
282 2096 327 2136 et
353 2090 483 2136 aliud
510 2095 718 2149 agenteS,
751 2102 847 2136 rem
878 2089 1067 2148 proprio
1095 2088 1337 2147 proposito
1362 2086 1508 2134 conti·

99 2186 236 2234 guam
272 2174 511 2232 attingunt
542 2178 587 2219 et
621 2173 840 2232 oblique,
870 2176 921 2218 ut
948 2173 1012 2218 ita
1040 2171 1216 2224 dicam,
1249 2171 1505 2217 illustrant.

101 2257 220 2303 Hinc
246 2256 388 2316 igitur
414 2255 515 2303 fieri
544 2261 699 2315 potest
727 2261 776 2302 ut
803 2255 1068 2303 ediscamus
1097 2266 1217 2313 quae
1246 2254 1384 2300 fuerit
1412 2258 1508 2300 tum

101 2339 227 2399 apud
254 2341 410 2386 Gallos
449 2340 605 2399 poesis
644 2340 856 2393 fortuna,
888 2352 981 2398 quo
1021 2338 1196 2385 scilicet
1232 2337 1368 2384 modo
1407 2338 1511 2396 qui·

103 2423 290 2482 busque
316 2423 706 2470 fluctuationibus
734 2423 1034 2469 laboraverit.

172 2507 311 2553 Plura
353 2519 542 2566 quoque
589 2507 851 2566 praeceptis
899 2505 1113 2564 exempla
1161 2504 1512 2563 adjunguntur,

110 2590 236 2637 unde
263 2603 357 2638 non
387 2590 733 2637 contemnenda
760 2590 940 2637 utilitas
969 2606 978 2634 :
1010 2589 1087 2635 hic
1122 2588 1247 2635 enim
1284 2587 1515 2646 quaedam

156 2778 199 2817 (1)
220 2779 441 2810 Recherehes
463 2780 507 2809 de
529 2780 563 2809 la
583 2781 737 2817 France,
759 2778 820 2809 lib.
845 2776 924 2809 VII.
