1788 3055
821 194 1056 233 —108—

236 288 474 345 logicque‚
506 286 683 344 poetrie
723 286 851 331 aussi
891 297 949 331 ne
989 290 1196 331 monstro
1232 286 1362 344 point
1391 286 1433 331 la
1463 286 1644 333 science

236 370 292 416 de
322 368 552 420 versifier‚
581 381 656 414 car
693 369 800 415 telle
840 369 1022 415 science
1059 370 1324 428 appartient
1352 381 1408 416 en
1437 369 1585 428 partie
1618 383 1644 416 a

237 452 525 498 Granimaire
554 457 597 497 ct
622 463 678 498 en
708 451 857 510 partie
893 465 917 496 a
945 452 1256 510 Rhetorique‚
1293 457 1337 498 et
1365 465 1482 511 pour
1518 458 1640 505 tant.

237 548 261 580 a
289 547 398 580 mon
432 533 582 586 advi5‚
610 534 651 579 la
679 533 742 579 fin
773 540 815 580 et
845 534 1125 580 l’entencion
1149 533 1206 580 de
1227 535 1404 593 poetrie
1428 535 1467 581 si
1495 540 1565 582 est
1588 535 1646 583 de

236 617 418 663 saindre
454 616 687 676 hystoires
723 629 783 662 ou
817 617 992 662 aultres
1026 616 1191 662 choses
1228 617 1359 662 selon
1398 617 1439 663 le
1474 629 1644 676 propos

236 700 412 758 doquel
448 713 507 746 on
543 700 667 746 veult
700 700 877 759 parler,
909 704 953 745 et
986 698 1043 745 de
1083 699 1166 745 fait
1204 712 1289 746 son
1327 712 1436 746 nom
1477 712 1526 746 56
1563 699 1645 747 de-

239 789 473 835 monstre‚
507 796 581 828 car
624 783 801 842 poetrie
847 783 967 828 ii’est
1012 783 1161 828 aultre
1200 783 1340 830 chose
1374 796 1400 828 a
1446 783 1547 829 dire
1588 795 1646 829 ne

238 866 355 911 mais
385 866 566 912 science
595 866 674 924 qui
703 870 869 924 apsent
897 878 919 910 a
952 864 1149 911 iaindre.
1183 883 1201 906 »

302 950 346 995 Si
372 950 510 996 ceteri
534 950 784 1008 scriptores
807 948 966 994 eadem
993 948 1191 1007 praefari
1221 961 1310 994 non
1336 955 1576 1001 curarunt,
1597 962 1647 996 se

238 1039 392 1080 tamen
423 1038 599 1091 partem
630 1032 881 1091 quamdam
913 1037 1092 1078 tantum
1120 1032 1234 1078 artis
1259 1033 1463 1091 poeticae
1490 1032 1647 1079 doctu-

237 1130 312 1163 ros
341 1116 683 1175 significarunt,
715 1129 819 1162 cum
846 1116 892 1162 in
916 1116 1066 1162 titulis
1090 1115 1262 1162 libellis
1286 1117 1385 1162 suis
1409 1117 1648 1176 inscriptis

238 1213 330 1246 non
371 1199 510 1246 modo
544 1200 735 1246 verbum
770 1200 928 1246 Poesis
963 1212 1209 1258 nunquam
1244 1199 1535 1253 inveniatur,
1566 1199 1649 1246 sed

238 1284 376 1330 verbo
400 1283 538 1330 etiam
558 1284 832 1330 Rhetoricae
849 1283 941 1328 alia
957 1295 1142 1342 semper
1164 1282 1386 1342 adjuncta
1407 1283 1504 1329 sint
1529 1295 1649 1342 quae

237 1369 337 1426 ejus
361 1379 552 1413 sensum
576 1366 846 1419 definirent,
871 1372 936 1419 ut,
962 1366 1164 1425 exempli
1189 1378 1328 1412 causa
1355 1383 1364 1412 :
1390 1384 1408 1407 α
1432 1366 1645 1413 Rhetori-

239 1463 330 1510 que
353 1451 442 1497 laie
465 1469 483 1491 »
506 1467 516 1506 3
544 1468 561 1491 α
585 1450 795 1497 Seconde
818 1449 1089 1508 rhetorique
1112 1464 1156 1501 1>;
1185 1467 1203 1489 α
1227 1449 1514 1508 Rhetorique
1529 1462 1648 1509 pour

242 1535 383 1581 rimer
412 1547 468 1581 en
495 1534 732 1594 plusieurs
757 1534 990 1579 manieres
1015 1550 1032 1573 1>
1056 1548 1065 1585 ;
1106 1551 1124 1573 (ι
1152 1532 1438 1592 Rhetorique
1465 1545 1526 1579 ou
1554 1532 1648 1580 l'on

240 1624 399 1665 trouve
440 1624 633 1671 termes,
675 1622 868 1677 patrous
906 1621 950 1663 et
998 1616 1198 1672 formeS‚
1229 1616 1497 1676 exemples,
1537 1629 1646 1663 cou-

240 1703 364 1749 leurs
397 1708 441 1749 et
475 1702 646 1762 figures
684 1702 741 1748 de
774 1701 976 1748 dictions
1010 1705 1054 1747 et
1087 1701 1240 1748 tailles
1277 1701 1527 1748 modernes
1565 1701 1647 1760 qui

241 1791 348 1833 sont
376 1786 671 1832 maintenant
692 1797 749 1832 en
778 1797 946 1844 usage;
980 1802 997 1826 ι»
1034 1789 1076 1831 et
1105 1785 1198 1831 alia
1224 1785 1367 1831 varia.

304 1869 431 1915 Nihil
469 1869 609 1928 igitur
645 1868 775 1915 aliud
811 1869 860 1913 in
895 1868 1052 1914 animo
1091 1868 1361 1915 habuerunt
1393 1868 1473 1927 qui
1514 1868 1648 1915 Artes

242 1952 515 1999 Rhetoricae
566 1951 856 2012 rhythmicae
905 1951 1196 2010 scripserunt
1243 1952 1336 1998 nisi
1383 1956 1435 1998 ut
1475 1951 1648 1999 formas

242 2036 555 2094 quorumdam
595 2041 863 2095 poematum
906 2035 1118 2081 discendi
1164 2035 1348 2094 cupidis
1391 2035 1644 2082 traderent.

242 2121 371 2166 Hanc
400 2120 459 2166 ob
488 2131 702 2171 causam,
733 2131 836 2165 cum
873 2119 1193 2178 exemplorum
1225 2119 1548 2179 interpretatio
1579 2125 1649 2166 est

240 2203 415 2256 facilis,
464 2215 518 2249 ea
569 2202 800 2261 proferre,
850 2202 1032 2261 legibus
1080 2214 1175 2248 non
1222 2203 1477 2261 expositis,
1532 2204 1647 2250 satis

241 2286 431 2333 habent.
465 2286 511 2332 Si
535 2291 689 2332 autem
719 2285 1048 2332 subtilioribus
1077 2286 1522 2346 spinosioribusque
1551 2299 1648 2334 ver-

241 2383 376 2416 suum
425 2369 576 2415 modis
621 2369 796 2427 primas
842 2373 997 2426 partes
1046 2368 1288 2421 tribuunt,
1334 2369 1646 2428 simpliciores

241 2458 395 2499 tamen
432 2465 527 2498 non
557 2464 741 2511 semper
771 2451 1065 2510 despiciunt,
1103 2452 1182 2499 sed
1220 2451 1449 2499 faciliores
1486 2453 1642 2512 vulga-

239 2537 477 2595 tioresque
529 2535 706 2582 ducunt
754 2547 895 2594 quam
946 2539 996 2581 ut
1046 2547 1126 2582 eos
1178 2541 1433 2594 exponant.
1485 2535 1646 2594 Neque

240 2632 447 2678 unquam
478 2620 603 2665 hunc
624 2631 727 2665 esse
749 2623 930 2677 poetam
957 2618 1037 2676 qui
1067 2617 1322 2671 rondellos‚
1341 2618 1538 2665 ballatas
1561 2631 1645 2665 seu

239 2703 438 2764 quodvis
479 2703 607 2749 aliud
646 2715 810 2763 poema
848 2701 1007 2755 efficit,
1039 2701 1122 2749 sed
1155 2700 1550 2762 componentibus
1587 2714 1641 2750 ea
