1788 3055
220 784 522 821 INSTRUCTIF
561 784 627 818 DE
665 783 730 818 LA
771 781 1003 817 SECONDE
1041 767 1389 823 RHETORIQUE.

591 927 752 959 Auctore
774 926 1018 958 Infortunato.

168 1133 304 1179 Liber
330 1133 408 1179 ille
425 1145 477 1179 ex
500 1132 712 1179 versibus
732 1136 912 1178 constat
928 1146 937 1181 ;
956 1142 1117 1176 versus
1141 1134 1295 1175 autem
1322 1130 1369 1175 in
1394 1128 1516 1174 hanc

103 1217 296 1263 formam
323 1221 688 1275 componuntur,
707 1219 758 1260 ut
778 1214 1045 1272 exemplum
1071 1213 1350 1272 praebeatur
1373 1211 1514 1258 simul

101 1313 154 1347 ac
181 1305 497 1359 praeceptum,
521 1304 570 1345 ut
599 1299 650 1345 fit
678 1299 724 1344 in
753 1299 957 1356 epitome
986 1309 1129 1355 supra
1157 1296 1279 1342 dicta
1307 1294 1390 1356 (1).
1418 1297 1518 1341 Huc

102 1384 279 1430 accedit
303 1389 352 1429 ut
372 1384 412 1430 is
438 1395 682 1441 nunquam
711 1395 803 1427 non
832 1381 1021 1427 additus
1045 1382 1121 1433 sit,
1150 1380 1196 1425 in
1222 1379 1372 1438 primo
1396 1380 1514 1432 loce,

103 1467 336 1525 excerptis
365 1466 594 1525 poematis
620 1477 740 1523 quae
766 1465 1091 1510 inscribuntur
1111 1460 1289 1508 Jardm
1312 1461 1368 1505 de
1387 1460 1516 1521 plai-

102 1563 256 1595 sanee.
285 1550 399 1605 Quis
427 1554 582 1594 autem
612 1549 853 1607 scripserit
877 1548 1105 1593 incertum
1132 1551 1220 1598 est,
1246 1558 1348 1591 cum
1382 1546 1520 1591 lateat

106 1633 305 1691 scriptor
341 1631 429 1677 sub
459 1631 810 1689 nuncupatione
838 1629 1188 1690 Infortzmatus.
1222 1630 1271 1674 In
1314 1628 1516 1687 quadam

106 1720 264 1761 tamen
284 1714 476 1767 ballam,
504 1714 583 1759 uhi
607 1727 709 1759 cum
730 1714 877 1759 Alano
901 1713 1073 1772 Auriga
1099 1712 1520 1764 sermocinatur‚se

108 1799 208 1857 ipse
233 1797 491 1843 Jordanum
521 1798 750 1852 nominat,
778 1810 830 1843 ex
860 1809 952 1855 quo
981 1797 1161 1854 liquere
1192 1795 1375 1841 videtur
1402 1794 1519 1840 illud

109 1894 266 1928 verum
302 1893 405 1928 esse
434 1893 625 1927 nomen.
657 1881 772 1926 Cum
800 1885 955 1926 autem
986 1891 1131 1924 unum
1162 1879 1285 1924 inter
1312 1878 1521 1924 carmina

109 1965 246 2010 istius
279 1964 426 2010 Horti
456 1963 748 2008 Deliciarum
788 1963 1073 2009 inscribatur
1105 1978 1114 2006 :
1145 1960 1523 2006 Lamentationes

107 2044 338 2091 εΙοΙιαηηίε
353 2046 409 2091 de
425 2045 620 2106 (Ιαῖεείο,
639 2047 726 2092 hoc
744 2047 790 2092 in
801 2052 865 2092 ter
878 2058 1043 2092 omnes
1059 2045 1229 2097 adhuc,
1246 2045 1404 2091 nescio
1421 2057 1519 2097 cur,

111 2131 345 2185 convenit,
367 2130 579 2177 eamdem
612 2144 749 2176 unam
775 2143 878 2176 esse
901 2141 1149 2188 personam
1173 2129 1435 2174 Johannem
1467 2127 1524 2174 de

112 2213 311 2264 Calesio.
342 2214 599 2260 Jordanum
629 2220 673 2259 et
700 2213 1065 2267 Infortuuatum,
1093 2211 1322 2258 efficiente
1350 2212 1526 2257 scilicet

114 2296 215 2355 ipsa
253 2297 501 2342 nominum
537 2296 852 2343 redundantia
892 2302 940 2341 ut
979 2308 1116 2341 nemo
1157 2294 1339 2353 aliquid
1378 2307 1523 2340 unum

113 2380 285 2438 eligere
312 2392 456 2425 ausus
486 2380 564 2426 sit.
597 2380 655 2425 Ut
682 2392 788 2425 vero
815 2392 909 2425 non
940 2379 1054 2424 satis
1084 2383 1266 2424 constat
1300 2384 1344 2424 et
1372 2378 1522 2423 Infor-

116 2467 331 2509 tunatum
361 2463 514 2510 varias
542 2464 658 2509 istas
685 2468 842 2521 partes
867 2462 1018 2508 Horti
1052 2460 1372 2513 Deliciarum,
1406 2473 1527 2519 quae

158 2640 201 2680 (1)
225 2639 342 2675 Confi,
366 2650 399 2681 p.
423 2640 478 2678 62,
501 2644 605 2672 L’Art
634 2643 677 2673 de
704 2643 965 2681 Rheitoi-ioque,
986 2650 1084 2679 pour
1115 2642 1231 2672 rimer
1256 2650 1300 2672 en
1335 2642 1529 2679 plusieurs

119 2704 236 2733 sortes
257 2703 300 2732 de
319 2703 425 2734 rime.

1284 2760 1305 2798 5
