1788 3055
902 195 1109 234 -18-

299 287 446 347 magis
486 291 714 347 repugnat
755 299 894 345 quam
938 287 1168 339 versihUS,
1213 292 1263 333 ut
1304 292 1463 333 contra
1501 286 1704 333 oblecta—

300 376 509 417 mentum
540 370 777 428 quoddam
807 370 1011 428 adjiciat.
1045 375 1094 415 nt
1122 376 1234 429 puta
1278 387 1287 415 ε
1339 389 1357 411 «
1387 372 1454 416 Tu
1481 382 1530 416 es
1559 370 1709 429 celluy

298 467 325 499 a
352 454 432 512 qui
453 454 500 512 je
527 453 604 499 doi
631 453 722 499 fere
757 452 956 512 plaisz·r;
990 458 1040 499 tu
1069 465 1117 499 es
1145 466 1219 499 ma
1241 454 1362 511 joie,
1394 466 1504 499 mon
1532 466 1641 499 cuer
1665 457 1710 499 et

299 548 409 581 mon
438 534 596 589 desim
626 547 682 581 en
714 540 819 581 tous
851 548 926 582 cas
953 537 1000 594 je
1036 540 1079 582 te
1107 535 1359 595 vouldroye
1393 536 1559 590 servir,
1599 542 1644 583 et
1669 537 1707 582 si

299 631 411 677 suys
456 622 600 677 prest,
641 630 771 664 come
812 619 968 664 raison
1010 619 1052 664 16
1091 619 1232 670 veult‚
1272 619 1330 665 de
1367 619 1604 678 tousjours
1633 624 1709 678 toy

301 700 455 748 Obeir.
484 719 503 743 ι)

363 784 530 830 Nullus
581 797 687 831 vero
739 785 860 831 alius
918 784 1176 831 rhetoricae
1230 784 1343 831 artis
1402 786 1601 844 scriptor
1652 784 1708 831 de

300 868 520 926 rhythmo
568 868 694 927 apud
745 869 945 914 solutam
999 868 1256 915 orationem
1306 868 1553 920 disseruit,
1604 880 1706 914 cum

300 951 574 1010 paucissimi
598 951 752 997 media
778 951 967 1010 quidem
992 956 1141 998 aetate
1169 952 1255 997 hoc
1283 952 1519 998 scribendi
1541 963 1709 1010 genere

300 1035 372 1080 usi
399 1035 510 1085 sint,
541 1039 585 1080 et
611 1047 843 1093 perpauca
870 1035 1112 1094 supersint
1139 1036 1239 1094 ejus
1265 1035 1540 1093 specimina.

363 1117 537 1163 Versus
559 1123 715 1164 autem
740 1118 826 1164 hoc
848 1123 1048 1169 tantum,
1076 1118 1113 1164 si
1136 1118 1306 1164 Jacoho
1323 1118 1656 1167 assentiamur,
1684 1131 1710 1163 a

300 1200 454 1246 soluta
475 1200 687 1247 oratione
709 1201 977 1260 discrepant
998 1201 1125 1259 quod
1150 1207 1301 1247 certus
1318 1201 1602 1260 syllabarum
1629 1214 1710 1246 nu-

301 1295 457 1329 merus
475 1283 532 1329 iis
549 1283 836 1342 imponatur.
865 1284 951 1339 Qui
971 1297 1196 1330 numerus
1214 1289 1371 1330 tantus
1387 1289 1456 1330 est
1479 1289 1709 1342 quantum

300 1367 544 1426 rhythmos
576 1368 877 1426 componenti
909 1367 1023 1414 libet
1050 1380 1182 1417 esse,
1214 1368 1295 1414 sed
1321 1367 1538 1426 pluribus
1568 1379 1708 1425 quam

301 1450 546 1497 duodecim
594 1451 660 1496 uti
704 1463 799 1496 non
838 1451 960 1503 licet,
1015 1468 1032 1491 α
1081 1463 1156 1496 car
1197 1451 1302 1508 plus
1343 1456 1478 1509 grant
1513 1451 1711 1498 nombre

300 1534 468 1580 oteroit
495 1547 551 1580 au
583 1546 685 1580 vers
709 1546 760 1579 sa
788 1533 921 1590 facon
950 1539 994 1579 et
1020 1546 1071 1579 sa
1100 1533 1477 1592 prononciation.
1510 1551 1528 1573 1>

367 1618 493 1672 Quae
530 1617 768 1676 scripserit
811 1617 867 1663 de
905 1631 927 1661 e
964 1617 1192 1663 feminina
1219 1616 1462 1668 elidenda,
1494 1628 1597 1662 cum
1634 1629 1709 1663 ex-

301 1705 448 1746 trema
483 1700 529 1745 in
563 1701 701 1747 verbo
735 1713 789 1747 ea
819 1701 973 1747 littera
1001 1701 1134 1747 cadat
1169 1701 1469 1758 vocalemque
1504 1700 1711 1746 offendat

302 1795 422 1841 quae
466 1783 762 1841 insequentis
800 1784 926 1830 verbi
968 1784 1106 1829 initio
1143 1784 1369 1835 occurrit,
1413 1784 1710 1842 peculiariter

302 1865 561 1911 notandum
585 1871 670 1912 est.
698 1866 832 1925 Apud
858 1868 983 1913 enim
1007 1866 1286 1912 vetustiores
1311 1866 1501 1924 gallicos
1530 1872 1706 1924 poetas,

303 1949 465 1994 saltem
495 1949 553 1994 ah
581 1948 831 1995 undecimo
859 1950 1045 1995 saeculo
1077 1949 1342 2001 desinente,
1367 1963 1390 1992 e
1412 1948 1640 1994 feminina
1662 1949 1708 1994 in

302 2031 441 2077 verbo
481 2036 688 2078 extrema
721 2033 841 2078 sicut
874 2033 998 2091 apud
1038 2037 1225 2078 nostros
1259 2032 1538 2078 elidebatur.
1572 2033 1708 2078 Pauci

305 2119 457 2160 tamen
496 2115 669 2161 elidere
706 2127 807 2161 eam
847 2115 987 2161 simul
1027 2128 1078 2161 ac
1118 2127 1211 2160 non
1254 2115 1427 2161 elidere
1461 2127 1711 2162 consueve-

304 2203 428 2243 runt.
456 2197 589 2252 Quod
614 2198 831 2244 nonnulli
862 2199 1095 2257 explicare
1119 2204 1432 2244 tentaverunt.
1460 2199 1710 2244 Hoffmann

308 2278 371 2339 (in
411 2281 717 2326 annotatione
753 2294 912 2326 versus
958 2283 1074 2325 1225
1114 2281 1343 2339 poematis
1384 2280 1623 2325 som-clam
1658 2280 1714 2325 de

304 2361 526 2422 Blaz'ves),
548 2364 653 2409 Mall
673 2363 736 2422 (in
758 2364 997 2422 prooemio
1013 2363 1225 2422 Compzzti
1239 2364 1440 2422 Philippi
1457 2364 1514 2410 de
1527 2363 1704 2423 Thaon)

305 2450 478 2491 rectum
507 2446 683 2492 hahent
711 2447 930 2505 quotiens
959 2447 1084 2505 apud
1113 2447 1320 2493 carmina
1355 2448 1412 2492 ah
1443 2448 1559 2506 ipsis
1587 2447 1713 2493 edita

304 2529 455 2576 littera
482 2530 560 2575 illa
588 2542 682 2574 non
709 2529 916 2580 eliditur,
943 2530 1085 2588 idque
1110 2543 1201 2575 non
1226 2530 1342 2575 alias
1369 2530 1466 2575 lieri
1498 2530 1710 2576 sentiunt

302 2612 393 2657 nisi
423 2625 526 2658 cum
549 2626 572 2655 e
593 2613 710 2658 duas
739 2618 1070 2664 consonanteS‚
1104 2612 1319 2658 videlicet
1349 2630 1366 2652 a
1398 2618 1572 2659 mutam
1603 2624 1706 2658 cum

305 2696 486 2755 liquida
508 2714 552 2748 ι),
576 2696 827 2754 praecedit.
860 2696 974 2742 Cum
1004 2709 1109 2742 vero
1137 2697 1183 2741 in
1214 2696 1430 2754 plurimis
1459 2696 1573 2742 locis
1598 2710 1621 2740 e
1644 2695 1708 2742 fe-
