1788 3055
143 893 451 938 MOLlNETT1‚
495 882 648 929 L'ART
686 893 749 928 ET
789 894 999 930 SCIENCE
1036 894 1102 928 DE
1141 882 1472 937 RHIZTORIQUE

167 1128 292 1173 Inter
329 1126 464 1171 Artes
500 1126 773 1171 Rhetoricae
806 1126 1098 1184 rhythmicae
1135 1127 1302 1184 quinto
1336 1126 1516 1173 decimo

102 1209 289 1255 saeculo
317 1209 533 1267 sommas,
566 1209 749 1254 videtur
772 1221 866 1254 una
886 1214 995 1254 ante
1021 1221 1186 1254 omnes
1215 1214 1342 1255 nota.
1373 1209 1518 1255 Nimi-

102 1304 204 1336 rum
256 1291 446 1349 saepius
495 1292 670 1337 mentio
716 1291 838 1337 facta
884 1296 954 1338 est
997 1291 1121 1337 Artis
1167 1291 1411 1350 cujusdam
1460 1293 1518 1337 ab

103 1374 303 1419 Henrico
331 1374 388 1420 de
418 1375 538 1433 Croy
566 1375 871 1432 compositae.
903 1376 972 1420 Me
1003 1374 1193 1433 quidem
1220 1375 1336 1433 fugit
1362 1380 1516 1421 utrum

102 1456 333 1502 Henricus
375 1456 432 1502 de
476 1457 595 1515 Croy
637 1469 847 1514 unquam
893 1457 1058 1502 vixerit
1091 1470 1148 1501 an
1191 1470 1312 1508 non,
1358 1470 1516 1503 verum

101 1538 310 1591 affirmo,
344 1551 499 1597 neque
527 1539 729 1597 injtu—ia,
762 1539 947 1597 opiiior‚
981 1540 1038 1584 ah
1068 1552 1120 1585 eo
1150 1541 1328 1585 nnllam
1361 1542 1516 1586 Artem

103 1623 379 1668 Rhetoricae
401 1622 547 1668 fnisse
572 1623 821 1680 scriptann
847 1628 1023 1667 certum
1048 1628 1117 1668 est
1143 1623 1307 1668 saitem
1339 1623 1515 1667 nullam

103 1711 287 1751 exstare
311 1717 453 1764 quam
483 1706 551 1750 ilii
578 1707 682 1763 jure
714 1706 934 1764 imputes.

171 1789 361 1847 Ulysses
397 1787 640 1833 Chevaiier
679 1786 739 1846 (1)
774 1788 1016 1833 contendit
1044 1788 1234 1846 quidem
1267 1789 1516 1834 Henricnm

105 1870 162 1917 de
202 1871 320 1930 Croy
358 1877 480 1916 artes
522 1871 741 1937 doct]Isse
777 1872 986 1917 Parisios
1021 1876 1130 1916 ante
1164 1884 1342 1916 annoni
1378 1874 1516 1917 1498.

105 1953 236 1998 Illam
263 1958 418 1999 autern
445 1952 806 1999 affirmatIOnem
838 1966 931 1998 non
960 1954 1066 1999 licet
1092 1954 1282 1998 haurias
1307 1966 1360 1999 ex
1392 1959 1522 2011 quat-

104 2040 211 2081 tuor
240 2035 450 2081 fontibus
478 2036 537 2081 ab
572 2049 624 2081 eo
655 2036 885 2088 laudatis,
923 2050 946 2082 e
974 2036 1148 2094 quihus
1179 2036 1293 2081 nihil
1326 2036 1520 2081 omnino

52 2138 53 2141 ¹
105 2117 163 2164 de
196 2118 252 2164 de
287 2119 406 2178 Croy
443 2119 612 2164 disces.
649 2119 780 2174 Quod
821 2132 991 2164 nomen
1031 2119 1267 2177 cognitum
1307 2125 1377 2164 est
1416 2125 1519 2164 tan-

105 2206 203 2246 tum
235 2202 346 2259 quia
375 2203 613 2248 invenitur
647 2203 693 2247 in
727 2203 920 2261 prologo
951 2202 1093 2247 nnius
1134 2215 1187 2247 ex
1230 2201 1521 2247 editionibus

106 2283 231 2329 Artis
277 2284 521 2341 cujusdam
562 2285 687 2344 typis
730 2297 998 2342 expressae
1045 2285 1216 2328 Harum
1258 2283 1519 2329 editionum

107 2367 258 2424 prima
303 2366 468 2412 Carolo
514 2368 614 2412 VIII
667 2367 880 2412 dedicata
926 2372 1019 2416 est,
1068 2366 1147 2424 qui
1196 2371 1407 2411 mortuns
1453 2370 1523 2411 est

107 2461 233 2494 anno
267 2451 416 2501 149&
449 2450 575 2495 unde
605 2451 707 2495 sIne
735 2449 879 2494 dnbio
909 2449 1078 2494 sactum
1108 2454 1179 2493 est
1207 2454 1256 2493 ut
1281 2448 1523 2494 Chevalier

110 2531 405 2577 contenderit
450 2533 701 2578 Henricurn
749 2532 804 2577 dc
848 2532 967 2589 Croy
1012 2536 1120 2576 ante
1168 2531 1298 2576 illum
1344 2542 1521 2575 annum

151 2725 194 2766 (1)
214 2726 424 2763 Repertoire
443 2728 507 2757 des
528 2736 678 2757 sources
701 2727 926 2764 historiques
947 2728 996 2756 du
1024 2734 1155 2762 moyen
1177 2725 1253 2763 aye.
