1788 3055
825 178 1036 217 -60-

224 272 351 325 nim,
383 276 427 316 et
453 271 596 316 laisse
630 271 696 317 les
734 270 944 329 bergiers
983 269 1066 316 des
1096 270 1291 329 champs
1321 282 1430 316 user
1457 270 1515 316 de
1543 271 1645 317 leur

226 355 473 412 theorique
494 358 538 400 et
565 353 838 411 rhetorique
864 353 1036 399 rurale.
1074 369 1095 393 ›>

291 437 504 495 Denique
532 437 697 482 iterata
725 436 772 481 in
803 436 897 482 fine
923 448 1143 482 versuum
1172 435 1312 482 verba
1342 435 1646 482 vehementer

224 521 473 579 vituperat,
511 532 728 578 opusque
768 519 1008 565 concludit
1041 519 1272 578 exemplis
1314 519 1643 578 rhythmorum

224 603 524 649 leoninorum
554 607 633 648 aut
662 603 1049 660 aequivocorum.

290 687 337 731 Si
366 686 596 732 Molinetti
628 690 876 744 praecepta
905 697 1009 730 cum
1041 684 1218 730 libellis
1259 684 1518 731 conferrem
1548 684 1644 743 jam

224 774 361 815 antea
412 782 437 814 a
478 781 550 814 me
592 769 869 827 exploratis,
917 768 1057 827 paulo
1106 768 1295 826 longius
1335 780 1455 827 opus
1489 780 1642 814 meum

226 853 489 904 traherem;
524 853 811 910 paucissima
840 852 983 910 igilur
1011 850 1150 897 modo
1179 851 1236 897 de
1264 851 1339 897 bis
1368 851 1553 910 loquar.

290 936 519 982 Molinetti
549 936 786 981 sententia
816 935 968 993 longis
1003 934 1399 993 brevioribusque
1432 934 1646 981 versibus

225 1020 349 1065 inter
377 1031 426 1064 se
453 1018 613 1063 mixtis
641 1018 948 1064 constituitur
972 1029 1159 1063 carmen
1189 1017 1317 1075 quod
1341 1022 1529 1064 vocatur
1555 1016 1645 1071 lai,-

224 1116 251 1147 a
280 1102 494 1148 rondello
526 1114 633 1147 vero
657 1113 844 1147 carmen
877 1100 1054 1146 dictum
1081 1099 1253 1145 virelaz'
1276 1105 1458 1146 tantum
1485 1101 1647 1160 rhyth-

227 1197 409 1231 morum
447 1184 762 1243 dispositione
798 1184 954 1230 differt
986 1200 994 1229 :
1041 1201 1059 1223 <1
1094 1183 1238 1230 Autre
1276 1183 1405 1229 taille
1433 1183 1491 1230 de
1536 1195 1645 1229 ron-

227 1269 396 1315 deaulx
441 1268 667 1319 doubles‚
711 1268 791 1326 qui
838 1280 887 1313 se
929 1271 1175 1313 nominent
1213 1267 1409 1325 simples
1458 1267 1644 1319 virlaiS,

228 1365 346 1410 pour
381 1364 430 1397 ce
459 1364 550 1409 que
579 1363 693 1410 gens
723 1350 810 1396 lais
840 1351 906 1396 les
935 1355 1131 1396 mettent
1158 1362 1215 1396 en
1253 1350 1379 1396 leurs
1408 1350 1647 1407 chancons

229 1436 426 1487 rurales,
460 1446 641 1480 comme
669 1438 831 1493 gentes
858 1433 915 1480 de
943 1446 1096 1492 corpS.
1131 1452 1148 1474 1>

294 1518 592 1569 Molinettus‚
636 1516 762 1562 haud
803 1517 939 1562 aliter
973 1521 1115 1574 atque
1164 1516 1405 1562 Baldettus
1447 1517 1645 1570 Herenc,

228 1605 362 1659 putat
384 1613 478 1645 non
508 1613 562 1646 ex
589 1612 734 1646 sensu
764 1612 951 1645 carmen
983 1599 1222 1658 quoddam
1255 1599 1414 1659 fatras
1435 1600 1647 1659 appella-

229 1690 326 1730 tum
351 1696 472 1735 esse,
496 1695 655 1728 verum
681 1696 735 1730 ex
760 1683 908 1742 figura
932 1683 1034 1742 ipsa
1056 1683 1288 1742 poematis
1309 1700 1318 1729 ε
1338 1684 1426 1730 boc
1443 1688 1644 1736 tantum,

229 1767 489 1826 praeceptis
518 1766 774 1825 expositis,
806 1766 939 1813 addit
968 1783 976 1810 ;
1017 1784 1035 1806 «
1064 1767 1193 1812 Cette
1218 1766 1347 1825 piece
1375 1767 1594 1813 convient
1621 1780 1648 1813 a

230 1851 423 1896 matiere
458 1851 678 1909 Joyeuse‚
720 1863 746 1895 a
788 1862 927 1896 cause
966 1850 1023 1895 de
1065 1849 1107 1894 la
1141 1850 1393 1908 repetition
1432 1850 1489 1896 de
1527 1854 1646 1896 met-

232 1939 341 1979 tres,
364 1951 385 1976 »
414 1933 621 1989 Quodvis
647 1938 803 1979 autem
829 1945 997 1992 poema
1018 1933 1076 1978 ad
1102 1933 1232 1978 illam
1255 1932 1452 1978 formam
1477 1932 1648 1978 adduci

231 2022 400 2075 potest,
428 2016 686 2062 dummodo
708 2017 913 2075 primum
938 2029 990 2062 ac
1013 2015 1273 2062 secundum
1300 2028 1486 2065 versum
1510 2016 1649 2062 certis

229 2102 343 2146 locis
372 2106 571 2159 repetas.
605 2101 723 2156 Quia
752 2112 859 2146 vero
883 2099 1015 2146 addit
1037 2112 1276 2158 quemque
1302 2112 1488 2146 versum
1518 2100 1648 2145 illius

229 2184 453 2230 carminis
488 2196 540 2229 ex
576 2188 755 2242 septem
791 2188 872 2229 aut
911 2188 1012 2229 octo
1053 2183 1249 2242 syllabis
1278 2187 1510 2233 constare,
1543 2195 1646 2228 cum

231 2270 410 2314 Herenc
442 2267 704 2325 discrepat,
747 2267 828 2325 qui
866 2266 1085 2325 exempla
1120 2278 1175 2311 ex
1215 2271 1316 2312 octo
1361 2271 1442 2311 aut
1478 2278 1647 2312 novem

229 2350 424 2409 syllabis
447 2350 655 2395 confecta
683 2349 836 2395 affert.

292 2434 464 2479 Neuter
491 2438 647 2478 autem
684 2432 797 2478 dicit
831 2445 924 2492 quo
964 2444 1181 2478 versuum
1218 2443 1416 2477 numero
1452 2430 1646 2477 conflari

229 2516 397 2562 debeat
435 2528 622 2562 carmen
664 2515 842 2561 dictum
887 2533 905 2555 «
933 2514 1089 2575 fatras
1116 2532 1160 2568 ι),
1194 2527 1249 2561 ex
1288 2527 1380 2572 quo
1414 2514 1645 2572 suspicari

230 2600 335 2645 licet
362 2600 489 2645 hunc
516 2611 765 2644 numerum
795 2598 989 2644 minime
1018 2603 1245 2644 statutum
1274 2598 1437 2644 fuisse.

294 2682 522 2729 Molinetti
566 2682 685 2729 liber
723 2682 869 2728 multo
913 2681 1096 2740 longior
1127 2685 1198 2727 est
1229 2680 1405 2728 libellis
1436 2680 1592 2727 adhuc
1618 2693 1644 2727 a
