1788 3055
789 176 997 215 -69-

189 280 283 313 nou
308 267 512 313 dubites.
539 294 595 300 -—
624 270 672 312 4⁰
701 267 964 313 Probabilis
989 268 1223 314 sententia
1242 273 1311 314 est
1332 280 1492 314 eornm
1516 268 1595 326 qni

187 351 413 396 vocabula
452 350 616 397 eodem
660 363 776 396 sono
821 351 902 397 sed
946 351 1084 396 variis
1125 351 1292 397 litteris
1331 351 1597 397 desinentia

188 434 476 480 consociant.
506 460 561 467 —
598 436 641 480 50
666 435 940 480 iterationes
968 434 1098 493 suge,
1125 435 1215 479 nisi
1249 435 1595 493 quinquaginta

188 529 349 563 versus
371 517 440 562 vel
472 504 575 575 plus
603 517 916 563 interfuerint.
949 543 1009 549 ——
1035 520 1079 561 6(Ι
1112 517 1304 563 Abstine
1332 530 1357 562 a
1385 517 1596 563 dictioni-

186 599 276 646 bus
304 600 510 646 insolitis
540 612 620 646 seu
650 601 904 646 arcessitis.
935 627 997 631 —
1024 602 1070 643 7⁰
1113 600 1229 646 Cave
1267 613 1324 646 ne
1363 600 1596 646 Picardico

188 694 317 728 more
363 682 657 742 diphthongo
698 684 896 742 simplex
941 684 1110 728 vocalis
1154 684 1421 735 maritetur,
1461 688 1511 729 ut
1557 683 1594 729 si

186 765 324 809 duire
371 778 475 812 cum
527 765 647 818 cire,
699 765 825 810 lieuoe
876 778 978 812 cum
1028 769 1261 825 yrczcieuoe
1304 767 1493 825 J'ungas.
1537 791 1598 798 --

189 850 309 895 804)Ο
346 850 412 895 Ne
449 862 641 896 sensum
682 850 901 909 rhythmo
942 850 1166 909 subjicias
1213 862 1329 896 neve
1371 849 1597 895 inanibus

187 932 343 979 verbis
370 933 535 979 utaris.

253 1015 365 1075 Cap.
392 1016 471 1061 IX.
511 1033 530 1057 «
563 1017 628 1063 De
655 1016 891 1062 coloribus
919 1022 963 1062 et
988 1016 1233 1074 speciebus
1264 1015 1536 1062 rhetoricae.
1571 1033 1588 1055 n

188 1099 539 1144 Enumerantur
560 1099 722 1157 viginti
746 1099 1071 1158 rhythmorum
1097 1098 1294 1157 species,
1315 1111 1434 1157 quae
1456 1103 1594 1144 sunt:

257 1183 300 1226 l⁰
329 1181 566 1227 Leoninus
595 1182 862 1240 rhythmus.
894 1181 969 1227 Sic
1001 1180 1138 1241 (m‘me
1166 1179 1358 1240 leonine)
1396 1181 1595 1226 Intortu-

188 1269 327 1310 natus
375 1269 503 1310 vocat
546 1276 685 1322 quem
732 1265 912 1323 priores
961 1265 1210 1322 scriptores
1253 1264 1416 1323 gallice
1457 1262 1600 1308 re'mes

188 1346 435 1393 doublettes
478 1348 856 1406 appellaverunt,
910 1360 992 1406 ego
1038 1360 1144 1394 vero
1190 1347 1335 1393 latine
1371 1345 1600 1406 duplicem

188 1429 467 1490 rhythmum
515 1430 793 1491 nominavi3
830 1443 968 1490 quem
1012 1435 1165 1477 autem
1214 1431 1282 1476 illi
1325 1431 1595 1481 leoninum,

191 1517 352 1559 noster
379 1513 671 1559 leoninatum
702 1518 848 1560 vocat.

259 1598 304 1641 2⁰
327 1596 570 1642 Cruciatus
594 1597 870 1655 rhythmus,
902 1598 1034 1656 cujus
1064 1609 1143 1643 sex
1173 1601 1285 1643 sunt
1312 1596 1457 1643 modi.

259 1682 305 1725 5⁰
333 1679 618 1731 Rondellus,
651 1681 783 1738 cujus
810 1693 889 1726 sex
920 1680 1096 1739 figurae
1129 1680 1519 1733 adnumerantur,
1551 1684 1602 1726 ut

194 1763 423 1821 cujusque
452 1762 602 1821 prima
630 1764 823 1822 stropha
850 1776 905 1809 ex
933 1763 1137 1816 duobus
1164 1763 1333 1815 tribuS,
1360 1767 1597 1821 quattuor,
1657 1811 1660 1815 ,

196 1846 433 1905 quinque,
465 1859 545 1892 sex
582 1851 663 1892 aut
699 1852 876 1905 septem
914 1847 1127 1893 versibus
1160 1851 1374 1901 constet3
1410 1846 1602 1904 stropha

195 1934 349 1975 autem
380 1935 558 1988 septem
588 1942 749 1975 versus
777 1930 950 1976 habere
978 1935 1153 1988 potest,
1185 1930 1223 1976 si
1258 1929 1389 1989 laye'e
1420 1934 1500 1975 aut
1529 1927 1599 1972 vi-

193 2011 382 2072 relaye'e
427 2018 520 2065 est,
562 2012 608 2059 id
651 2018 721 2059 est
760 2014 794 2059 si
836 2013 1129 2072 longioribus
1167 2014 1404 2060 breviores
1441 2025 1602 2060 versus

196 2096 328 2142 mixti
369 2101 507 2151 sunt;
539 2108 632 2155 qua
668 2096 816 2142 forma
854 2097 1031 2142 Alanus
1064 2097 1234 2156 Auriga
1272 2097 1454 2155 primus
1487 2108 1602 2141 usus

195 2184 280 2225 est.
304 2180 578 2238 Sequuntur
600 2179 858 2238 specimina
880 2180 1198 2226 roudellorum
1221 2180 1376 2225 omnis
1397 2178 1599 2238 generis,

259 2264 307 2307 4⁰
335 2262 648 2321 Retrogradus
672 2263 920 2321 rhythmus
943 2254 1113 2309 dici'tur
1131 2276 1233 2309 cum
1255 2263 1471 2308 ultimum
1494 2273 1602 2320 poe-

197 2346 333 2391 matis
354 2357 537 2391 vorsum
564 2346 662 2391 loco
691 2345 848 2404 primi,
870 2346 1181 2404 penultimum
1207 2347 1304 2392 loco
1327 2343 1519 2391 secundi
1546 2345 1603 2390 le-

195 2440 300 2487 gere
334 2433 490 2487 potes,
521 2433 566 2474 et
594 2437 742 2486 usque
772 2428 830 2474 ad
866 2429 1067 2487 primum
1100 2429 1285 2474 inverso
1315 2428 1380 2473 sic
1407 2426 1597 2477 ordine,

199 2516 379 2558 servato
409 2516 563 2558 tamen
593 2512 796 2571 quodam
828 2524 999 2564 sensu,
1033 2511 1304 2571 retrogradi.

268 2596 311 2640 5⁰
355 2592 594 2655 Chapelec.
642 2594 768 2641 Nihil
816 2594 945 2641 aliud
988 2599 1058 2642 est
1095 2607 1235 2654 quam
1285 2594 1457 2653 duplex
1497 2605 1602 2640 ron-

202 2676 372 2725 dellus.
447 2674 456 2706 ³
