1788 3055
847 216 977 253 „94
1010 238 1060 244 --..

245 305 434 350 viliores
466 306 685 351 aestimat
723 318 864 363 quam
903 314 954 351 ut
989 318 1148 351 earum
1194 307 1319 365 leges
1358 307 1540 359 tradat;
1581 307 1662 366 qui

247 393 400 433 tamen
428 400 506 433 eas
536 400 729 433 noscere
759 388 885 439 velit,
918 401 1025 433 eum
1056 389 1114 434 ad
1144 390 1345 435 Fabrum
1378 390 1542 448 rejicit.

313 470 586 516 Palinodam
615 469 812 530 kyrielle
838 471 1063 529 appellat.

311 552 445 607 Quod
494 558 671 611 spectat
710 553 767 598 ad
814 553 1071 612 figurarum
1125 555 1518 614 descriptionem,
1572 570 1666 616 qua

246 648 365 694 opus
392 648 530 681 suum
562 637 799 688 terminat,
833 638 1035 683 Fabrum
1067 650 1149 696 per
1176 639 1336 684 omnia
1364 639 1597 697 sequitur.

312 719 582 771 Gratianus,
616 715 719 765 cu'm
749 720 806 766 de
834 721 1028 766 Artibus
1057 733 1178 778 quae
1206 726 1315 767 ante
1343 734 1476 767 suam
1507 721 1665 768 Artem

247 802 515 847 exstiterint
553 804 667 848 satis
702 803 906 862 superbe
943 804 1188 861 loquatur,
1222 804 1342 849 nihil
1370 809 1528 850 tamen
1559 805 1666 850 novi

249 884 340 930 nisi
384 884 608 930 ridiculas
641 886 872 944 quasdam
915 899 1062 945 nugas
1093 886 1243 932 affert.
1284 886 1418 942 Quod
1453 887 1580 933 enim
1617 888 1667 933 in

247 966 339 1012 alia
370 979 463 1012 non
496 967 692 1019 invenit,
723 968 782 1013 ab
810 969 902 1014 alia
931 968 1152 1027 sumpsit.
1182 969 1398 1015 Ceterum
1428 982 1510 1016 eae
1538 970 1669 1028 ipsae

249 1062 400 1108 nugae
449 1051 641 1108 paulum
692 1051 751 1096 ab
792 1051 850 1096 iis
891 1051 1117 1097 differunt
1161 1064 1360 1110 quarum
1408 1051 1669 1111 specimina

248 1134 538 1185 Molinettus‚
560 1134 882 1180 infortunatus
897 1135 1140 1180 autFaber
1154 1136 1434 1188 retulerunt,
1453 1147 1670 1193 quaeque

249 1216 443 1262 aliunde
467 1222 603 1262 notae
626 1222 776 1262 erant.
797 1217 930 1272 Quod
956 1230 1061 1263 vero
1083 1218 1185 1275 ers
1208 1218 1406 1263 fortasse
1425 1218 1668 1276 proprium

248 1304 335 1351 est,
362 1300 559 1358 ipseque
581 1300 670 1346 sibi
700 1301 922 1352 vindicat,
952 1301 1040 1346 iste
1067 1305 1137 1346 est
1166 1301 1480 1359 perridiculus
1507 1301 1669 1359 rhyth-

252 1395 432 1428 morum
465 1383 599 1428 lusus
629 1396 768 1440 quem
798 1382 1057 1443 eselziqm'er
1085 1382 1301 1429 nominat
1333 1382 1418 1443 (1).

316 1466 433 1520 Quia
461 1471 506 1512 et
527 1466 811 1512 Eustachius
837 1466 894 1512 de
913 1466 1102 1525 Campis
1128 1471 1172 1512 et
1194 1467 1448 1512 Gratianus
1474 1467 1670 1512 rhetori-

251 1561 349 1594 cam
382 1561 524 1594 unam
555 1561 607 1594 ex
640 1554 817 1607 septem
845 1549 1028 1595 artibus
1052 1549 1329 1595 liberalibus
1353 1549 1547 1602 habent,
1568 1561 1672 1595 con-

250 1631 622 1690 tenditZscbalig
636 1632 763 1677 hunc
778 1632 905 1678 illius
921 1632 1093 1677 librum
1110 1632 1299 1678 novisse
1312 1648 1322 1684 ;
1337 1632 1463 1691 quod
1478 1632 1669 1691 quidem

248 1721 577 1774 argumentum
603 1715 716 1759 mibi
742 1715 921 1760 nullius
953 1714 1175 1774 ponderis
1202 1715 1402 1761 videtur.
1430 1715 1670 1761 Eustachii

251 1804 406 1843 tamen
431 1798 587 1843 Artem
618 1802 662 1842 et
688 1797 787 1855 ipse
815 1798 1033 1843 existimo
1059 1798 1282 1844 Gratiano
1310 1803 1469 1843 notam
1499 1798 1669 1851 fuisse;

253 1893 529 1939 persuasum
561 1880 686 1926 enim
718 1881 870 1927 habeo
900 1881 959 1926 ab
993 1881 1073 1926 illa
1109 1885 1373 1926 mutuatum
1409 1893 1513 1927 esse
1545 1879 1673 1939 quod

252 1964 327 2009 bic
355 1964 412 2009 de
442 1963 843 2010 similitudinibus
875 1965 998 2010 inter
1036 1964 1314 2010 rhetoricam
1344 1968 1389 2010 et
1417 1963 1670 2017 musicam,

253 2058 337 2091 nec
361 2059 455 2091 non
483 2046 540 2092 de
566 2047 733 2092 litteris
764 2047 1004 2093 vocalibus
1030 2052 1111 2092 aut
1136 2046 1511 2093 consonantibus
1540 2043 1670 2093 dicit'.

319 2130 599 2175 Infortunati
638 2135 793 2175 autem
830 2130 1041 2175 libellum
1070 2131 1276 2188 appellat
1302 2128 1586 2189 Rhe’torv'que
1611 2129 1676 2173 du

252 2210 437 2257 „laram
471 2212 526 2255 cle
554 2211 805 2257 pluis-ame
837 2211 932 2270 (2);
967 2214 1122 2258 Artem
1162 2212 1496 2270 provincialem
1532 2225 1677 2270 supra

300 2424 341 2462 (l)
364 2424 579 2463 Escliiquier
601 2436 614 2453 «
639 2429 693 2455 est
715 2433 786 2455 une
808 2430 906 2455 sorte
929 2425 972 2455 lle
996 2425 1125 2455 rithmo
1149 2425 1192 2454 de
1211 2425 1366 2463 laquelle
1389 2424 1444 2454 n'a
1466 2425 1542 2455 este
1567 2425 1674 2456 saicte

257 2483 411 2513 aulcune
442 2483 605 2513 mention
627 2484 711 2513 aulx
735 2492 881 2514 oeuvres
905 2483 967 2513 des
991 2483 1231 2513 rhetor-iciens
1253 2483 1313 2522 qui
1336 2488 1399 2513 ont
1420 2483 1592 2523 compose
1612 2492 1675 2514 sur

255 2542 332 2572 l'art
363 2542 406 2573 de
433 2543 463 2572 la
499 2542 594 2573 dicte
626 2543 859 2582 rhetoricque
892 2543 1094 2573 mettriffiee
1126 2552 1170 2573 en
1200 2543 1384 2583 sranqoys.
1417 2543 1492 2574 »In
1519 2543 1674 2583 singulis

257 2602 416 2632 mandris
440 2602 554 2633 altero
577 2603 698 2633 colore
720 2603 843 2633 tinctis
865 2603 999 2642 singuli
1022 2602 1193 2633 versiculi
1216 2603 1329 2633 altero
1352 2603 1521 2642 rhythmo
1542 2603 1673 2634 inscri-

258 2662 409 2699 buntur,
437 2662 498 2701 qui
522 2662 647 2692 eadem
670 2663 811 2693 ratione
833 2672 872 2692 ar
896 2663 1025 2692 calculi
1047 2663 1185 2693 moveri
1209 2662 1361 2702 possint.

297 2720 342 2760 (2)
361 2721 398 2751 P.
423 2722 472 2757 67,
495 2722 545 2752 68.
