1788 3055
734 221 783 224 —
819 197 889 237 113
921 220 969 226 -

144 294 190 336 et
226 289 274 335 in
309 294 483 336 ceteras
519 289 733 348 regiones
763 290 902 334 simul
947 302 997 334 ac
1037 289 1158 335 fama
1197 295 1437 348 poetarum
1476 291 1558 349 qui

144 371 302 430 palma
327 371 488 417 donati
517 377 652 417 erant
682 372 903 417 manavit.

211 454 299 509 Qui
326 455 374 500 in
403 455 479 500 his
508 455 719 500 conciliis
748 455 990 501 certabant
1017 461 1232 513 poemata
1261 458 1454 503 recitare
1482 457 1560 504 de-

145 535 322 583 bebant
346 553 356 584 ε
382 538 557 583 scimus
583 543 737 584 autem
761 538 927 596 quanti
956 538 1003 583 in
1028 538 1298 584 istiusmodi
1330 540 1560 586 recitatio-

146 619 289 666 nibus
318 621 467 667 valeat
496 621 740 667 verborum
770 621 1082 667 concinnitas.
1115 621 1246 667 Adde
1274 622 1419 680 quod,
1450 635 1561 681 prae

144 703 450 750 multitudine
493 705 754 750 carminum
802 703 862 750 ad
904 705 1159 750 certamina
1201 711 1557 763 susceptorum,

143 785 302 832 brevia
329 787 677 847 tantummodo,
702 793 752 833 ut
779 791 943 833 cantus
975 788 1169 846 regaleS‚
1198 787 1417 839 ballatae‚
1446 800 1558 833 ron-

146 869 284 925 delli,
324 872 632 923 servantasii,
664 871 924 930 pastorales
971 883 1052 917 seu
1093 871 1184 916 alia
1228 871 1558 928 hujuscemodi

146 953 330 1000 recitari
358 959 592 1013 poterant.

210 1037 402 1083 Materia
431 1038 570 1084 etiam
601 1037 799 1083 istorum
828 1037 1090 1083 carminum
1120 1037 1282 1084 eadem
1317 1037 1411 1084 fere
1437 1050 1559 1083 sem-

144 1131 228 1178 per
251 1125 375 1173 erat;
413 1120 590 1166 scilicet
628 1119 792 1166 laudes
834 1121 1001 1166 Beatae
1040 1120 1226 1166 Mariae.
1270 1122 1366 1166 Hoc
1403 1125 1558 1167 autem

144 1207 472 1261 argumentum
497 1202 780 1261 jamdudum
809 1204 1061 1249 contritum
1093 1215 1185 1248 nou
1217 1203 1309 1249 nisi
1339 1203 1561 1249 effusiore

146 1298 366 1332 versuum
395 1286 522 1332 cultu
551 1287 712 1332 novari
738 1292 936 1345 poterat.

211 1370 262 1415 In
306 1370 390 1415 bac
426 1370 604 1416 Galliae
644 1375 774 1429 parte
816 1382 937 1428 quae
970 1370 1252 1423 Picardiam‚
1299 1371 1557 1423 Artesium,

145 1452 392 1499 Flandrias
425 1453 861 1511 Normanniamque
897 1453 1250 1512 complectitur,
1288 1454 1377 1500 sub
1418 1453 1559 1500 finem

145 1537 319 1583 saeculi
364 1537 516 1594 quarti
559 1536 726 1582 decimi
769 1542 814 1583 et
858 1537 1133 1596 praesertim
1174 1538 1340 1595 quinto
1380 1537 1561 1584 decimo

145 1620 356 1673 saecum,
405 1619 537 1666 nulla
587 1620 680 1667 fere
730 1625 828 1666 erat
876 1620 988 1665 urbs
1039 1633 1159 1678 quae
1212 1621 1393 1679 poetica
1446 1633 1558 1667 con-

145 1703 252 1749 cilia
302 1704 475 1749 annuis
530 1703 709 1749 vicibus
764 1716 857 1749 nou
914 1704 1186 1750 celebraret.
1248 1705 1369 1750 Haec
1420 1703 1562 1762 igitur

146 1787 293 1832 multo
334 1787 469 1846 plura
503 1792 636 1833 erant
670 1799 810 1845 quam
849 1792 900 1832 ut
938 1787 1196 1844 unicuique
1229 1799 1391 1833 eorum
1423 1799 1556 1845 prae-

145 1875 305 1916 essent
331 1870 615 1929 praestantis
644 1870 818 1929 ingenii
845 1870 1047 1928 judiceS‚
1074 1870 1247 1917 nedum
1274 1871 1352 1916 isti
1381 1870 1559 1929 poesim

145 1953 204 2000 ad
251 1958 424 2000 rectum
471 1953 558 2000 iter
602 1965 815 1999 revocare
865 1958 1076 2011 possent.
1127 1954 1220 2012 Ipsi
1267 1958 1429 1999 contra
1480 1953 1559 2012 qui

146 2037 329 2096 palmas
382 2037 562 2083 dudum
611 2037 659 2082 in
713 2037 817 2082 istis
869 2036 1206 2082 certaminibus
1255 2041 1559 2095 acceperant,

147 2125 192 2167 et
222 2133 276 2168 ex
304 2120 465 2179 aliquo
496 2120 710 2166 rondello
739 2120 964 2178 gemello,
998 2132 1076 2165 seu
1111 2119 1285 2165 ballata
1322 2119 1563 2165 saltatoria

148 2204 216 2250 vel
268 2204 552 2263 retrogradis
599 2204 813 2250 versibus
853 2203 1022 2248 famam
1065 2207 1339 2262 coeperant,
1371 2214 1561 2247 normas

146 2287 401 2334 tuebantur
428 2288 497 2334 vel
527 2287 789 2346 argutiores
820 2286 960 2332 etiam
992 2285 1279 2331 efficiebant.

213 2370 452 2417 Baldettus
483 2371 679 2422 Herenc,
711 2375 760 2415 ut
791 2370 888 2427 jam
928 2369 1054 2419 dixi,
1086 2368 1262 2428 figuras
1298 2368 1559 2413 carminum

148 2453 307 2500 retulit
345 2466 466 2512 quae
501 2454 551 2499 in
589 2452 877 2511 quibusdam
916 2464 968 2498 ex
1008 2452 1220 2497 conciliis
1255 2451 1360 2498 istis
1401 2451 1562 2497 recita-

147 2537 354 2588 bantur;
390 2537 504 2583 haec
541 2541 653 2582 sunt
685 2552 694 2581 :
727 2536 776 2581 in
805 2535 967 2581 Insula
995 2534 1268 2586 Flandriae‚
1300 2534 1376 2580 die
1413 2533 1562 2579 domi-

152 2620 255 2665 nica
278 2624 388 2666 ante
403 2619 810 2678 Assumptionem,
831 2618 1150 2664 servantasius
1171 2618 1218 2663 in
1235 2618 1462 2662 honorem
1489 2617 1564 2662 As-

152 2702 437 2762 sumptionis
467 2703 632 2749 Beatae
664 2699 836 2747 Mariae
865 2706 908 2747 et
946 2700 1185 2747 Passionis
1211 2701 1321 2746 Jesu
1349 2698 1522 2745 Christi
1550 2713 1559 2750 ;

1329 2780 1352 2819 8
