1788 3055
848 255 1060 296 -50-

310 350 535 408 Sequitur
557 348 729 395 deiude
757 348 915 397 iudex.
950 360 1043 406 quo
1066 347 1327 406 completur
1354 359 1491 405 opus,
1517 344 1660 392 octin-

243 433 690 491 genlai·1iiucirciler
713 431 972 476 dictionum
995 430 1119 476 iuter
1141 442 1189 475 se
1213 429 1597 480 consonantium,
1614 428 1661 473 in

244 528 337 574 quo
364 516 451 560 hoc
482 514 756 573 praesertim
788 513 983 572 (liguum
1011 517 1081 558 est
1104 511 1232 570 quod
1257 517 1462 565 notetur,
1488 511 1666 557 scilicet

246 598 387 644 verba
423 610 545 655 quae
586 609 712 642 nuuc
752 597 798 641 in
835 596 1042 655 syllabas
1075 609 1164 639 eur
1197 599 1243 641 et
1281 609 1368 638 our
1406 592 1660 652 (honneur,

244 679 417 738 sejoum
467 685 641 725 exeunt
684 679 806 725 inter
847 690 897 723 se
951 689 1248 730 consonare;
1297 677 1572 736 primasque
1621 680 1666 722 et

248 763 480 810 secundas
516 762 697 808 vocales
732 761 978 808 verborum
1017 764 1151 804 rome
1181 766 1226 807 et
1258 759 1397 805 haine
1432 760 1480 805 in
1514 766 1662 805 uuum

249 858 418 891 sonum
460 857 553 890 non
594 844 872 890 coalescere.
912 845 1039 899 Quae
1078 844 1267 903 propria
1308 842 1666 902 Lethariugicae

246 927 432 973 dialecti
460 932 587 973 sunt.

312 1011 520 1057 Libellus
550 1011 647 1062 ille,
683 1022 821 1068 quem
853 1010 1120 1056 describere
1147 1009 1284 1056 modo
1313 1015 1509 1056 conatus
1537 1022 1661 1062 sum,

248 1093 368 1140 adeo
408 1098 675 1139 contractus
713 1099 809 1150 est,
845 1098 894 1138 ut
923 1094 1037 1138 mihi
1070 1093 1198 1139 haud
1225 1093 1422 1139 dubium
1454 1092 1667 1139 videatur

248 1177 363 1234 quin
394 1176 469 1222 hic
497 1176 695 1234 scriptor
717 1177 874 1223 Artem
903 1176 1115 1234 aliquam
1145 1176 1462 1234 antiquiorem
1487 1176 1666 1234 longio-

248 1272 442 1317 remque
472 1258 528 1304 ad
559 1272 695 1304 usum
727 1272 864 1304 suum
898 1260 943 1304 in
973 1259 1113 1305 breve
1141 1260 1368 1318 coegerit,
1401 1259 1584 1318 legibus
1610 1270 1665 1304 ex

247 1355 300 1388 ea
328 1342 558 1400 excerptis
595 1343 770 1400 quibus
810 1355 970 1388 versus
1009 1342 1118 1401 fingi
1155 1347 1199 1388 et
1237 1343 1359 1388 inter
1396 1355 1446 1388 se
1479 1341 1664 1388 adnecti

246 1426 402 1484 potius
435 1438 575 1483 quam
603 1425 776 1483 quibus
809 1426 1017 1471 carmina
1048 1423 1397 1484 ipsa'conslrui
1438 1425 1662 1471 debeant.
