1788 3055
799 184 1008 222 -70-

265 282 310 324 6Ο
337 278 630 336 Beryerette.
654 275 913 322 Rondellus
934 280 1005 321 est
1029 275 1162 333 eujus
1187 271 1394 320 secunda
1415 271 1611 331 stropha

198 375 295 409 non
325 361 492 408 iisdem
523 360 757 419 rhythmis
786 359 1066 405 terminatur
1094 357 1270 416 quibus
1298 355 1466 415 prima.

265 455 311 498 7ο
344 451 575 497 Palinode
607 450 691 511 (1).
727 452 894 496 Poema
923 455 993 496 est
1029 450 1162 508 eujus
1206 459 1368 494 versus
1405 445 1611 506 quodam

199 537 365 584 ordine
390 541 693 595 repetuntur,
725 539 776 580 ut
800 538 913 592 puta
944 550 953 578 :
990 533 1099 577 1-18
1121 532 1174 590 -1-
1201 533 1278 576 1-4
1304 532 1358 589 -l-
1391 531 1525 576 19-21
1559 530 1614 588 -Ι-

200 623 282 667 4-6
310 621 363 678 -Ι-
385 620 529 666 22-24
558 619 610 676 -Ι-
641 619 753 663 7-10
787 618 841 674 -1-
875 618 1026 662 25-27
1055 616 1108 674 -l—
1140 618 1278 662 10-12
1308 616 1362 674 -Ι-
1388 615 1534 660 28-50
1561 615 1615 673 ÷

206 707 340 751 1-ete.

267 797 313 840 80
341 795 565 854 Epilogus
595 794 663 840 vel
691 792 892 845 FcztraS,
924 803 1063 850 quem
1085 791 1182 850 jam
1210 791 1260 837 in
1288 789 1615 850 superioribus

203 879 396 926 Artibus
418 877 642 923 vidimus.

270 973 315 1017 9⁰
345 971 538 1017 Ballata.
569 971 691 1025 Quot
715 969 926 1029 syllabae
949 973 1061 1015 sunt
1084 969 1133 1014 in
1157 979 1348 1027 quoque
1368 979 1523 1020 versu,
1549 970 1618 1013 101

204 1067 367 1101 versus
404 1055 453 1099 in
493 1065 782 1111 unaquaque
818 1051 1053 1098 extribus
1082 1050 1290 1110 strophis
1325 1062 1429 1097 esse
1466 1050 1614 1096 decet.

206 1139 332 1184 Inter
363 1137 458 1183 alia
485 1136 699 1194 exempla
727 1136 948 1181 ballatam
976 1136 1105 1180 illam
1131 1134 1454 1181 Infortunatus
1482 1133 1621 1180 refert

208 1222 256 1267 in
279 1234 372 1280 qna
396 1221 513 1279 ipse,
541 1232 643 1265 eum
671 1219 820 1265 Alano
849 1219 1116 1277 disputans,
1140 1217 1277 1264 modo
1298 1217 1620 1263 Infortunatus

211 1304 349 1350 mode
375 1303 610 1350 Jordanus
645 1303 934 1348 nominatur.

279 1399 354 1442 100
382 1396 636 1441 Cantiones
665 1395 831 1453 quovis
862 1394 1000 1440 modo
1027 1393 1293 1453 fingendae.

280 1491 355 1534 110
388 1489 564 1534 Cantus
594 1487 761 1546 regalis
780 1523 790 1536 ,
820 1499 958 1545 quem
987 1498 1204 1545 eampum
1239 1486 1439 1545 regalem
1469 1485 1620 1532 Infor-

214 1577 410 1620 tunatus
433 1576 579 1617 vocat.

287 1667 359 1710 120
404 1662 613 1723 Refrm'n
649 1663 804 1707 volant
848 1663 916 1709 vel
956 1661 1192 1707 hraulant.
1243 1662 1319 1708 Sic
1361 1662 1626 1721 appellatur

217 1748 417 1809 quodvis
460 1759 628 1806 poema
665 1747 796 1792 nulla
828 1747 920 1791 3113
956 1746 1054 1805 lege
1091 1746 1395 1792 constrictum
1440 1745 1530 1791 nisi
1578 1750 1628 1792 ut

219 1843 437 1891 quaeque
465 1830 661 1889 stropha
687 1829 850 1875 eodem
880 1841 1017 1875 versu
1045 1828 1210 1874 iterato
1239 1829 1534 1876 terminetur.

289 1925 364 1968 15Ο
394 1921 740 1972 Servantasius‚
770 1921 847 1978 qui
880 1919 998 1965 nihil
1026 1919 1153 1965 alind
1193 1926 1263 1966 est
1293 1933 1432 1980 quam
1463 1925 1628 1968 cantus

221 2006 389 2066 regalis
414 2006 547 2064 eujus
577 2005 798 2063 strophae
835 2016 929 2049 non
969 2003 1132 2049 eodem
1168 2004 1333 2051 iterato
1368 2017 1504 2051 versu
1540 2010 1630 2051 ter-

220 2089 477 2135 minentur.

290 2182 365 2225 140
400 2179 564 2225 Cantio
603 2180 830 2225 amatoria
864 2180 1202 2239 (cemoureuse),
1234 2192 1258 2226 e
1294 2180 1526 2239 picardiea
1563 2194 1631 2228 re-

221 2264 358 2323 gione
396 2263 619 2315 oriunda,
652 2263 698 2308 in
728 2263 1105 2309 Tornaeensibns
1142 2264 1352 2310 conciliis
1393 2265 1628 2312 recitatur.

223 2348 421 2393 Necesse
452 2351 606 2393 antem
645 2351 715 2392 est
754 2347 933 2405 primae
961 2346 1181 2404 strophae
1210 2346 1397 2392 initium
1427 2359 1450 2393 e
1479 2347 1632 2394 verbis

225 2429 363 2475 Loz'al
386 2433 551 2474 amant
579 2442 660 2475 seu
694 2428 841 2474 Coear
871 2442 1139 2474 czwzoureuoe
1169 2435 1366 2483 constet,
1397 2431 1632 2478 Secundae

265 2635 307 2674 (1)
333 2634 391 2666 Sic
414 2636 532 2675 legere
555 2644 599 2666 ne
621 2635 764 2666 dubites
788 2636 938 2666 verbum
961 2636 1057 2675 quod
1080 2636 1176 2676 typis
1197 2638 1391 2668 Psalmode
1415 2637 1631 2678 impressum

225 2698 289 2725 est.
