1788 3055
757 218 808 225 -
839 196 889 236 95
920 219 970 226 .-

151 285 410 338 laudatam,
436 284 723 346 Rhetorique
742 287 865 333 dela
886 287 1070 332 maison
1097 301 1344 333 commune
1373 287 1429 332 de
1461 286 1576 332 Tou-

151 368 273 413 louse
299 368 359 429 (l)
383 384 393 421 ;
420 369 621 414 Fabrum
649 381 754 415 vero
779 371 968 428 proprio
994 371 1187 416 nomine
1211 371 1401 429 saepius
1424 376 1569 417 vocat.

217 452 282 497 Ex
321 452 703 510 impedimentis,
749 453 925 510 quibus
953 452 1171 510 impliciti
1204 454 1375 499 misere
1415 459 1570 512 torpe-

151 533 283 585 bant,
313 533 465 591 gallici
495 539 658 592 poetac
682 535 778 592 jam
810 546 914 580 sese
942 534 1164 593 expedire
1191 535 1439 581 tentabant
1468 548 1570 581 cum

151 616 404 662 Gratianus
444 616 602 662 Artem
651 629 783 662 suam
834 616 1007 667 edidit:
1055 617 1173 662 nihil
1223 623 1379 664 tamen
1426 618 1473 662 in
1521 631 1576 664 ea

150 704 346 757 apparet
389 716 408 739 «ι
451 699 576 745 unde
615 712 761 745 novos
799 699 895 757 jam
949 699 1146 757 spiritus
1189 700 1380 745 haurire
1425 700 1576 758 possit

153 785 314 827 nostra
336 782 492 840 poesis
523 779 612 842 (9.).
638 799 656 822 »
689 782 836 827 Immo
859 781 1124 840 puerilibus
1147 781 1356 840 priorum
1382 781 1575 839 ineptiis

161 880 179 903 «ι
221 863 404 922 aliquid
433 864 572 910 etiam
602 864 848 923 spinosius
877 864 1081 909 adstruit
1115 862 1175 923 (5)
1211 879 1262 915 »;
1295 876 1413 922 quas
1447 863 1570 909 enim

152 944 392 991 Crettinus
431 951 512 992 aut
540 947 783 992 Johannes
811 947 958 1004 Major
985 951 1065 991 aut
1094 947 1321 992 Maroltus
1353 946 1576 992 emenda-

150 1027 305 1075 tiones
334 1030 511 1088 experti
537 1035 687 1080 erant,
714 1042 792 1075 eas
815 1029 1118 1075 vehementer
1144 1029 1346 1088 respuit;
1372 1029 1453 1087 qui
1476 1029 1572 1087 jam

153 1113 474 1160 exolescentes
516 1114 846 1173 rhythmorum
889 1112 1055 1158 modos
1095 1113 1221 1171 parvi
1260 1112 1464 1164 faciunt,
1496 1124 1575 1157 eos

150 1194 379 1255 increpat,
403 1209 605 1250 craSSOS,
624 1197 874 1255 superbOS,
905 1195 1090 1241 invidos
1119 1196 1385 1254 appellans,
1407 1195 1575 1253 aequi—

153 1283 381 1338 paratque
406 1297 425 1320 <1
444 1280 552 1325 aulx
575 1280 865 1325 cousturiers
887 1283 931 1324 et
954 1278 1262 1324 cordonniers
1283 1278 1339 1324 de
1360 1279 1402 1323 la
1424 1283 1572 1330 court,

154 1362 363 1420 lesquelz
402 1368 545 1422 nuyct
575 1368 620 1409 et
649 1363 758 1421 jour
787 1374 845 1408 ne
874 1367 1073 1420 pencent
1102 1362 1212 1418 qu'a
1239 1366 1427 1407 trouver
1454 1373 1572 1406 nou-

155 1445 271 1491 velle
316 1451 442 1492 sorte
486 1445 920 1496 d’acoustremenz;
976 1445 1092 1490 mais
1141 1449 1392 1491 souventes
1440 1443 1572 1502 foys,

153 1525 289 1586 apres
315 1529 461 1586 qu’on
488 1541 514 1573 a
543 1541 639 1587 ung
671 1528 788 1586 petit
822 1528 902 1573 use
930 1527 1136 1573 desdictz
1165 1532 1572 1579 accoustremenz,

155 1622 215 1656 on
261 1615 482 1657 retourne
526 1623 552 1656 a
599 1611 862 1657 l’ancienne
910 1611 1064 1661 mode,
1115 1611 1157 1655 la
1205 1615 1422 1656 trouvant
1470 1609 1574 1667 plus

155 1693 402 1739 commode
427 1698 471 1740 et
497 1694 650 1740 utille.
680 1712 698 1734 2>

222 1776 373 1833 Hujus
399 1777 685 1835 pertinaciae
709 1776 937 1823 rationem
965 1783 1086 1822 recte
1118 1776 1321 1822 reddidit
1350 1776 1574 1834 Georgius

158 1848 398 1904 Pellissier
434 1871 537 1905 cum
568 1859 757 1917 scripsit
799 1876 807 1904 :
858 1878 875 1899 «
915 1860 1110 1905 Tolosae
1151 1864 1289 1904 natus
1327 1864 1424 1904 erat
1460 1859 1573 1904 Gra-

158 1939 316 1987 tianus
354 1941 551 1988 Pontius
592 1947 637 1988 et
684 1947 827 1987 totam
875 1946 1073 1988 aetatem
1119 1942 1165 1986 in
1212 1941 1453 2000 provincia
1493 1954 1579 1987 sua

157 2024 465 2077 contriverat,
505 2025 633 2071 unde
670 2025 855 2071 facilius
891 2024 1181 2083 intellegitur
1209 2024 1447 2082 quomodo
1476 2024 1577 2082 ejus

157 2107 273 2160 ArS‚
313 2108 401 2154 hoc
440 2114 650 2167 tempore
690 2108 814 2154 edita
853 2121 946 2166 quo
986 2109 1082 2166 jam
1127 2108 1284 2167 poesis
1323 2112 1481 2153 nostra
1519 2106 1577 2152 ad

156 2194 364 2236 veterum
416 2190 729 2237 imitationem
781 2203 884 2236 sese
939 2190 1114 2249 fingere
1160 2189 1352 2248 incipit,
1401 2188 1578 2234 Cretini

157 2276 314 2319 tamen
351 2273 659 2332 Molinetique
697 2274 846 2332 magis
883 2285 1024 2331 quam
1065 2272 1376 2319 recentiorum
1421 2277 1576 2317 vatum

159 2354 459 2416 disciplinam
488 2356 700 2404 redolere
728 2356 942 2402 videatur
976 2353 1058 2414 (4).
1096 2373 1114 2395 »

201 2524 243 2565 (l)
264 2525 303 2556 P.
327 2524 378 2564 67,
401 2527 468 2558 etc.

201 2583 243 2624 (2)
262 2584 461 2622 Pellissier,
485 2594 519 2624 p.
541 2584 592 2615 23.

202 2643 245 2683 (3)
270 2645 378 2682 Ibid„
400 2653 435 2683 p.
460 2643 511 2674 24.

201 2702 245 2744 (4)
266 2704 373 2741 lbid„
396 2712 430 2743 p.
451 2702 567 2736 ‘23-24.
