1788 3055
806 191 1017 230 -86-

204 296 306 329 vers
335 284 529 333 tiercez‚
559 283 640 340 qui
678 295 705 327 a
742 286 902 328 nostre
930 282 1100 340 langue
1127 285 1198 326 est
1234 280 1345 326 bien
1375 280 1619 332 nouvelle,

204 367 262 413 de
289 367 492 424 laquelle
520 367 628 425 n'ay
657 378 850 412 encores
875 362 972 426 [vu]
996 365 1168 410 aulcun
1196 376 1321 415 user,
1346 363 1487 409 sinon
1515 363 1624 409 icel-

207 450 285 508 luy
313 448 389 494 feu
418 449 460 494 le
488 448 647 500 Mane,
681 447 761 506 qui
792 460 848 493 en
879 461 905 492 a
933 447 1015 492 fait
1043 452 1087 492 et
1117 446 1337 504 compose
1366 446 1409 492 le
1435 445 1626 503 Temple

206 530 264 576 de
289 531 469 577 Venus.
502 531 556 576 Et
584 535 707 576 ceste
744 529 883 576 mode
910 534 954 576 et
986 530 1196 575 maniere
1232 533 1303 574 est
1338 529 1546 574 Toscane
1582 532 1628 574 et

208 613 495 665 Florentine‚
523 612 639 658 dont
667 612 865 658 messire
891 612 1125 670 Francoys
1150 612 1406 670 Petrarque
1427 624 1454 656 a
1477 610 1561 656 fait
1584 610 1628 656 le

207 696 322 742 livre
349 696 443 742 tres
473 695 607 741 utille
626 695 684 741 de
706 707 781 741 ses
808 695 879 740 six
907 695 1192 753 triumphes.
1223 712 1241 734 »

274 777 623 825 Alexandrinos
649 790 811 824 versus
843 778 1053 836 strophis
1083 790 1282 835 quarum
1313 789 1630 835 unaquaeque

209 874 357 907 unum
390 862 664 920 rhythmum
698 860 869 906 habeat
896 860 1148 906 convenire
1178 872 1318 919 posse
1357 859 1630 906 Molinettus

210 943 424 1003 scripsit,
456 956 638 1002 proque
667 943 883 1001 exemplo
913 943 1128 1001 quinque
1166 943 1346 1001 primos
1383 941 1629 1000 cujusdam

212 1026 443 1086 poematis
471 1039 634 1072 versus
663 1026 710 1071 in
742 1025 955 1072 eamdem
986 1025 1216 1084 syllabam
1246 1030 1472 1071 exeuntes
1502 1029 1628 1071 retu-

213 1111 284 1156 lit.
316 1110 587 1168 Discipulus
611 1121 776 1155 rursus
797 1108 1162 1155 alexandrinum
1192 1121 1377 1154 versum
1412 1108 1633 1167 rhythmo

214 1192 420 1251 duplice,
439 1193 509 1238 vel
531 1192 759 1243 cruciatu,
780 1192 849 1237 vel
873 1192 1082 1250 strophis
1104 1203 1159 1237 ex
1183 1191 1397 1249 quinque
1418 1190 1634 1237 versibus

215 1276 296 1333 qui
326 1275 448 1321 inter
477 1287 526 1321 se
553 1280 836 1327 consonent,
865 1273 1187 1319 ordinandum
1215 1274 1368 1332 jubet,
1395 1274 1636 1331 hujnsque

218 1357 343 1403 modi
371 1369 454 1415 pro
479 1357 695 1415 exemplo
718 1356 909 1402 eosdem
936 1357 1152 1414 quinque
1179 1368 1361 1407 versus,
1388 1356 1635 1414 paululum

218 1453 347 1487 more
374 1440 513 1486 solito
543 1445 774 1490 mutatos,
807 1440 969 1492 refert,
1004 1440 1129 1486 unde
1166 1452 1261 1485 non
1291 1440 1489 1486 dubium
1520 1439 1637 1486 facio

219 1525 336 1583 quin
368 1525 644 1583 magistrum
677 1536 818 1582 prave
847 1523 1153 1569 intellexerit.

286 1609 414 1663 Quae
452 1606 625 1652 deinde
652 1607 925 1652 Molinettus
955 1606 1012 1652 de
1040 1611 1161 1653 torta
1188 1606 1336 1653 cauda
1369 1606 1530 1667 (queue
1555 1621 1638 1651 an-

218 1688 351 1747 nuee)
365 1725 375 1740 ,
389 1701 531 1747 quam
544 1693 704 1734 noster
714 1688 910 1734 caudam
923 1693 1275 1734 concatenatam
1288 1687 1449 1748 (queue
1457 1687 1640 1733 enchei-

221 1770 319 1831 ne'e)
347 1776 495 1821 vocat,
521 1771 579 1817 de
601 1770 789 1829 duplice
811 1770 976 1822 cauda,
1003 1770 1060 1816 de
1082 1770 1353 1829 planctibus
1375 1771 1636 1824 amatoriiS,

222 1854 280 1900 de
318 1853 571 1906 rondellis,
610 1852 908 1911 beryerectes,
945 1852 1129 1912 facim,
1169 1853 1385 1906 ballatiS‚
1422 1854 1641 1900 cantibus

224 1936 487 1994 regalibus,
519 1936 826 1983 servantasiis
867 1936 1009 1987 dixit,
1052 1935 1214 1982 eadem
1254 1941 1416 1982 noster
1453 1937 1637 1995 repetit.

224 2019 358 2074 Quod
388 2024 543 2064 tamen
574 2019 630 2064 ad
661 2024 850 2065 cantum
882 2019 1082 2078 regalem
1113 2019 1304 2072 attinet,
1335 2032 1441 2066 eum
1468 2020 1516 2065 in
1542 2032 1642 2066 cer-

227 2103 404 2147 tamina
433 2103 729 2161 Rothomagi‚
761 2102 838 2148 die
863 2102 980 2148 festo
1003 2102 1336 2161 Conceptionis
1361 2104 1526 2149 Beatae
1550 2104 1642 2149 Ma·

227 2184 338 2240 riae,
359 2189 405 2230 et
424 2185 631 2243 Dieppae
648 2185 1011 2243 Ambianisque,
1031 2185 1106 2231 die
1129 2185 1245 2231 festo
1265 2186 1639 2245 Assumptionis,

226 2267 393 2313 habita
421 2267 592 2313 deferri
616 2267 765 2313 addit.

290 2350 416 2395 Nihil
445 2350 502 2397 de
528 2351 770 2409 palinoda.

293 2434 357 2479 De
394 2438 608 2492 poemate
650 2433 777 2491 quod
810 2433 876 2478 lai
906 2434 1171 2492 appellant,
1206 2434 1333 2492 quod
1370 2435 1644 2481 Molinettus

227 2516 422 2561 omnino
459 2516 797 2574 praetermisit,
831 2517 979 2562 multa
1016 2517 1157 2562 verba
1194 2522 1353 2562 noster
1390 2517 1523 2568 fecit;
1556 2518 1646 2563 hoc

226 2610 333 2644 vero
362 2611 532 2645 nomen
560 2600 783 2645 omnibus
802 2599 881 2646 dat
904 2600 1134 2658 poematis
1157 2612 1278 2658 quae
1300 2612 1323 2646 e
1347 2600 1643 2647 brevioribus

226 2680 617 2739 longioribusque
645 2682 857 2728 versibus
883 2682 1128 2740 permixtis
1157 2687 1391 2736 constant,
1412 2684 1644 2742 pluraque
