1788 3055
733 242 782 247 -.
812 220 861 259 35
891 241 939 248 -

195 309 438 368 permagni
470 309 591 355 hano
628 309 1045 368 praescriptionem
1076 311 1274 369 scriptor
1303 311 1541 357 existimat

128 392 415 450 saepiusque
441 392 501 437 ad
529 404 629 437 eam
661 391 709 436 in
740 393 921 449 reliquo
950 393 1070 438 libro
1100 393 1235 439 redit.

194 475 256 519 De
280 474 607 532 rhythmorum
632 473 785 518 modis
808 474 970 531 gallice
991 473 1166 525 simin,
1191 474 1388 534 sepltust,
1419 475 1541 519 rime

127 555 302 608 brz‘se'e,
333 555 519 600 auitam
552 555 713 608 dictis,
744 556 907 602 eadem
944 569 996 602 ac
1024 557 1320 611 Molinettus‚
1350 559 1540 603 mutatis

126 642 309 684 tantum
364 638 619 697 exemplis,
666 638 795 683 dicit.
844 638 924 683 His
977 640 1236 684 carminum
1289 640 1542 697 generibus

125 718 218 765 alia
245 719 394 771 addit,
426 720 483 766 de
512 720 688 779 quibus
719 720 836 765 nihil
867 721 1137 767 Molinettus
1165 721 1380 780 scripsit,
1412 722 1539 768 vide-

128 802 233 849 licet
259 820 268 848 :

191 886 390 932 Carmen
419 887 553 944 qu'us
582 900 802 946 quaeque
831 887 1024 945 stropha
1053 900 1108 933 ex
1138 899 1302 933 novem
1329 887 1543 933 versibus

127 973 327 1018 constat,
354 969 434 1026 qui
465 969 531 1014 sic
557 969 842 1015 ordinantur
867 985 876 1014 z
898 968 1167 1020 ccbc‘cabbcba
1199 982 1280 1015 seu
1312 982 1320 1011 :
1352 969 1545 1014 (abccbhcc

125 1051 205 1096 dd.
238 1052 442 1098 Ultimus
471 1052 613 1110 hujus
642 1052 918 1110 posterioris
947 1052 1200 1098 schematis
1238 1064 1400 1097 versus
1435 1064 1540 1110 pro-

129 1134 338 1181 verbium
369 1140 456 1181 est.

195 1217 366 1263 Poema
445 1217 578 1275 cujus
655 1217 877 1274 strophae
944 1228 999 1262 ex
1070 1216 1259 1262 decenis
1330 1217 1545 1262 versibus

128 1299 422 1351 efficiuntur,
488 1299 711 1357 quodque
771 1297 934 1342 dizccm
995 1298 1183 1344 dicitur.
1240 1299 1390 1356 Hujus
1452 1298 1545 1344 duo

130 1387 241 1427 sunt
278 1381 541 1433 schemata,
582 1380 758 1427 scilicet
787 1397 796 1426 :
833 1379 1129 1426 (abaccbbccdcl
1161 1386 1205 1426 et
1241 1379 1543 1426 ccbabbccdcd.

131 1463 289 1510 Priore
326 1463 474 1522 figura
510 1463 748 1509 Crettinus
790 1464 979 1509 neniam
1014 1463 1071 1509 de
1103 1469 1251 1509 morte
1288 1464 1544 1509 Willhelmi

131 1547 188 1593 de
225 1547 430 1606 Bissipat
469 1546 632 1599 finxit,
670 1546 816 1592 altera
850 1547 1091 1592 Johannes
1125 1547 1271 1604 Major
1311 1547 1545 1605 duplicem

131 1630 371 1676 ballatam.

199 1713 401 1771 Stropha
428 1724 481 1758 ex
514 1712 718 1757 undenis
748 1712 962 1758 versibus
993 1713 1272 1770 plerumque
1293 1716 1550 1769 usurpatur

132 1795 190 1841 ad
218 1795 418 1841 ballatas
447 1800 491 1840 et
526 1800 691 1840 cantus
732 1795 907 1853 regales
944 1807 1144 1852 quorum
1184 1806 1344 1840 versus
1382 1794 1550 1852 repeti·

134 1883 209 1924 tus
239 1877 455 1924 undecim
487 1877 695 1936 syllabas
722 1877 882 1924 habet.

201 1960 534 2006 Duodenorum
567 1973 784 2006 versuum
819 1960 1055 2020 (domam)
1088 1961 1232 2019 legem
1260 1973 1286 2005 a
1310 1961 1550 2006 Molinetto

135 2042 296 2088 datam
334 2042 597 2101 discipulus
635 2048 816 2095 servat;
853 2043 1081 2101 additque
1117 2043 1257 2088 aliam
1296 2042 1550 2101 quamdam

136 2138 240 2171 esse
268 2126 529 2184 stropham,
561 2126 846 2185 qucum-zain
874 2126 1063 2179 dictam,
1091 2138 1276 2185 gravem
1305 2130 1350 2171 et
1376 2125 1551 2184 ponde-

140 2220 291 2253 rosam
326 2208 528 2267 ideoque
557 2209 615 2254 ad
646 2209 868 2254 historias
895 2214 938 2254 et
974 2209 1334 2254 lamentationes
1367 2212 1550 2266 aptam;

137 2302 190 2335 ox
217 2303 309 2348 qua
330 2291 572 2337 JOhanneS
598 2292 743 2350 Major
765 2290 1022 2335 Planclum
1044 2290 1310 2335 Desideratz'
1329 2289 1417 2350 <La
1437 2303 1555 2333 com-

135 2372 307 2431 plainte
332 2372 396 2417 (lu
423 2372 610 2432 De'sire')
644 2373 800 2419 finxit.

205 2456 469 2514 Rhythmus
493 2456 707 2502 tertiatus
735 2455 946 2516 (mercer),
967 2456 1024 2501 de
1045 2468 1155 2513 quo,
1176 2456 1234 2501 ab
1259 2455 1428 2501 Italicis
1452 2467 1554 2513 par-

142 2537 269 2582 tibus
297 2537 518 2589 oriundo,
542 2550 600 2583 ne
630 2538 826 2583 minima
854 2538 1045 2596 quidem
1071 2538 1247 2583 mentio
1272 2537 1320 2582 in
1350 2537 1558 2595 superio-

146 2619 276 2665 ribus
304 2619 563 2666 rhetoricae
599 2620 792 2678 gallicae
823 2620 1012 2665 Artibus
1042 2620 1302 2671 invenitur,
1332 2620 1396 2665 ita
1427 2631 1553 2665 com-

146 2701 396 2748 mendatur
427 2719 436 2748 ε
477 2720 494 2743 «
525 2703 667 2749 Autre
698 2702 824 2749 taille
852 2707 896 2748 et
931 2702 1062 2759 lacon
1091 2702 1148 2748 de
1184 2714 1312 2762 ryme
1339 2712 1557 2748 nommee
