1788 3055
863 216 1072 254 —78—

327 307 419 353 Sed
446 306 641 352 minime
657 319 776 365 opus
795 312 865 353 est
890 308 1073 365 longius
1104 312 1366 353 monstrare
1382 307 1669 365 quibusnam

262 390 409 435 Faber
423 402 524 435 cum
544 390 869 448 superioribus
886 395 1127 447 congruat,
1146 390 1433 447 quibusnam
1452 390 1509 436 ab
1523 390 1581 435 iis
1597 389 1674 435 ab·

263 473 347 524 sit;
370 473 458 519 hoc
477 478 655 518 tautum
682 473 795 518 mibi
821 473 1293 519 animadvertendum
1318 473 1501 519 videtur
1519 484 1674 518 errare

261 556 471 614 Zschalig
499 568 600 601 cum
625 556 758 601 illum
788 557 846 601 iis
875 555 1042 601 ordine
1071 561 1115 601 et
1139 556 1318 602 ratione
1346 557 1489 602 totius
1518 556 1674 615 operis

263 639 411 685 multo
429 644 666 698 praestare
687 639 873 684 asserit.
893 639 1017 684 Nulli
1037 639 1162 684 euim
1184 639 1381 685 dubium
1403 651 1507 686 esse
1522 643 1676 698 potest

265 723 378 780 quin
410 721 690 781 prudentius
716 723 764 767 in
795 722 1007 781 singulas
1036 726 1191 781 partes
1219 722 1530 768 distribuatur
1558 722 1677 768 liber

265 805 563 851 Infortunati.
585 805 706 860 Quid
723 811 877 851 autem
899 805 957 851 de
975 805 1055 851 illa
1078 806 1481 864 congratulatione
1503 804 1673 857 dicam,

267 902 407 948 quam
437 889 586 935 Fabro
617 889 759 935 habet
784 889 1012 948 Zschalig,
1055 894 1278 947 tanquam
1320 889 1592 935 doctissime
1620 888 1677 934 de

266 985 486 1020 caesurae
508 974 772 1032 praeceptis
795 973 971 1033 agenti,
998 985 1101 1019 cum
1126 974 1286 1019 omnia
1313 973 1370 1020 de
1398 974 1487 1019 hoc
1509 973 1568 1019 ab
1597 972 1677 1019 illo

266 1056 388 1103 dicta
416 1056 578 1102 inania
606 1057 703 1102 sint
732 1057 801 1103 vel
830 1056 1124 1104 deridenda?

330 1140 457 1186 Nihil
487 1152 688 1199 usquam
716 1140 1228 1199 apud-Infortunatum
1269 1146 1349 1187 aut
1383 1140 1678 1187 Molinettum
1748 1175 1754 1184 .

268 1223 326 1270 de
355 1236 549 1270 caesura
577 1224 809 1283 legimus3
847 1224 962 1282 quid
991 1229 1146 1271 autem
1176 1224 1233 1270 de
1264 1237 1317 1270 ea
1343 1223 1584 1283 scripserit
1609 1223 1681 1268 Ja-

267 1306 412 1353 cobus
442 1308 636 1366 Magnus
659 1308 753 1365 jam
785 1308 1167 1354 memoravimus.
1195 1309 1229 1352 E
1258 1307 1393 1352 Fabri
1424 1306 1676 1357 sententia,

266 1390 315 1435 iu
342 1390 564 1436 omuibus
593 1390 835 1441 versibus,
871 1396 1104 1449 quotquot
1137 1403 1161 1437 e
1188 1390 1510 1449 compluribus
1543 1389 1681 1448 sylla-

267 1474 341 1519 bis
370 1479 604 1525 coustant‚
637 1486 827 1520 caesura
863 1487 966 1520 esse
995 1474 1160 1527 debet;
1193 1487 1245 1520 ex
1271 1486 1363 1532 quo
1392 1472 1608 1518 concludi
1632 1472 1681 1517 li-

267 1562 337 1602 cet
364 1569 464 1602 eam
495 1556 541 1601 in
573 1557 646 1602 his
674 1557 811 1603 etiam
844 1557 1056 1604 versibus
1083 1557 1395 1604 necessariam
1417 1568 1522 1602 esse
1548 1556 1629 1614 qui
1657 1567 1682 1602 e

267 1639 443 1691 tribus,
475 1644 714 1697 quattuor,
747 1639 983 1698 quinque,
1016 1653 1121 1691 sex,
1153 1644 1329 1698 septem
1361 1639 1556 1698 syllabis
1579 1637 1678 1684 effi-

269 1723 472 1769 ciuntur.
500 1724 647 1768 Locus
672 1728 826 1769 autem
852 1724 959 1769 huic
984 1724 1210 1775 incertus,
1238 1729 1287 1770 ut
1311 1735 1432 1781 quae
1456 1722 1683 1769 exsistere

269 1807 419 1865 possit
448 1811 553 1865 post
582 1807 781 1865 primam
811 1807 1040 1866 syllabam
1075 1823 1083 1851 :

509 1922 816 1968 Paixlescoutez
838 1934 911 1968 que
927 1924 968 1968 je
991 1923 1092 1958 vueil
1114 1923 1206 1957 dire.

271 2031 377 2084 post
405 2027 661 2073 secundam
695 2044 703 2072 :

509 2143 651 2179 Pcusez
670 2144 775 2189 sque
799 2145 941 2179 moui-ir
965 2155 1062 2179 nous
1085 2145 1278 2179 convient.

277 2254 379 2307 post
405 2249 590 2295 tertiam
623 2265 632 2293 :

515 2364 583 2399 Par
606 2365 728 2399 raison
752 2367 765 2409 s
788 2365 811 2399 il
835 2367 914 2399 lant
937 2364 1070 2399 rendre
1092 2375 1141 2399 ou
1164 2364 1318 2409 pendre.

276 2475 362 2516 etc.
380 2505 390 2520 ‚
422 2474 508 2515 etc.

343 2552 525 2611 Excipit
541 2558 696 2598 tamen
716 2558 759 2599 et
775 2552 1148 2599 Alexandrinum
1170 2565 1373 2605 versum,
1395 2552 1474 2611 qui
1497 2552 1687 2599 incisio-

278 2648 384 2681 nem
414 2642 519 2694 post
542 2641 720 2683 sextam
749 2636 977 2696 syllabam
1008 2636 1181 2682 habere
1205 2635 1359 2687 debet,
1390 2640 1449 2685 et.
1477 2649 1572 2682 non
1592 2649 1688 2682 ver·

279 2730 383 2764 sum
412 2718 602 2778 quidem
627 2732 679 2765 ex
707 2719 866 2766 decem
896 2719 1091 2778 syllabis
1113 2719 1345 2772 effectum,
1388 2719 1471 2766 sed
1497 2724 1685 2766 cantum
