1788 3055
288 780 353 815 DE
392 779 669 816 FONTANAE
708 779 964 821 QUINTILIO
997 778 1247 814 CENSORE.
1282 778 1348 813 DE
1382 777 1585 813 CLAUDII
1623 778 1689 814 DE

356 869 609 916 BUXERIA,
653 869 827 904 JACOBI
871 868 1149 903 PELLETIER
1195 868 1260 904 ET
1305 868 1513 904 ANTONII
1562 867 1691 903 FOU-

356 958 545 1002 QUELIN
584 959 802 994 ARTIBUS
843 957 1086 993 POETICIS.

355 1186 508 1231 Primo
535 1190 640 1245 post
667 1197 792 1230 anno
821 1196 961 1242 quam
986 1184 1175 1233 librum,
1195 1183 1252 1229 de
1279 1196 1371 1242 quo
1394 1197 1553 1243 supra,
1571 1183 1694 1229 Sibi-

293 1270 431 1315 letlus
454 1268 681 1322 ediderat,
699 1267 907 1313 Joachim
933 1267 989 1312 de
1013 1267 1194 1312 Bellaco
1216 1279 1347 1313 suam
1374 1266 1695 1327 Defensionem

290 1354 337 1396 et
370 1349 737 1395 Illustrationem
770 1349 970 1409 (jamme
1008 1349 1201 1408 linquae
1240 1350 1285 1395 'tn
1315 1350 1555 1409 publicum
1585 1362 1693 1408 pro-

291 1433 474 1494 posuit,
507 1434 555 1479 in
585 1446 677 1492 qua
705 1445 858 1478 mores
887 1446 912 1477 a.
939 1432 1178 1491 prioribus
1212 1433 1362 1491 poetis
1398 1432 1556 1479 traditi
1593 1445 1694 1478 om-

294 1519 408 1563 nino
453 1517 780 1576 repudiantur.
824 1518 944 1562 Haec
982 1516 1067 1562 fuit
1114 1529 1238 1562 mors
1284 1516 1475 1575 gallicae
1519 1516 1700 1575 priscae

295 1601 469 1660 poesis.
509 1601 715 1646 Fuerunt
753 1612 865 1646 sane
901 1600 981 1657 qui
1025 1599 1250 1658 pristinas
1297 1599 1556 1645 carminum
1603 1599 1696 1645 for-

295 1695 396 1728 mas
438 1681 688 1729 defendere
734 1687 1042 1733 conarentur,
1090 1682 1172 1728 sed
1220 1683 1339 1728 nihil
1387 1683 1696 1742 profecerunt.

297 1766 422 1811 Inter
468 1777 633 1810 omnes
681 1765 917 1816 Fontana,
963 1764 1123 1811 libello
1166 1765 1239 1811 cui
1285 1765 1472 1812 titulum
1517 1763 1698 1816 Quinti-

298 1847 413 1892 lium
445 1845 693 1895 Censorem
729 1847 999 1906 inscripsit,
1034 1846 1309 1907 Defensioni
1341 1848 1583 1907 respondit
1615 1847 1698 1909 (1).

300 1933 511 1977 Fontana
544 1931 752 1976 joachim
788 1931 998 1989 increpat
1026 1931 1151 1989 quod
1180 1931 1408 1990 injuriose
1441 1937 1486 1979 et
1525 1933 1704 1991 ingrate

300 2013 535 2059 inscitiam
579 2013 837 2072 majoribus
877 2014 1089 2072 objiciat,
1122 2014 1201 2072 qui
1231 2019 1383 2061 tamen
1423 2028 1507 2062 nec
1533 2015 1702 2069 rudeS‚

302 2109 387 2143 nec
417 2097 677 2142 litterarum
707 2101 920 2155 expertes
955 2096 1157 2148 fuerint:
1191 2096 1334 2144 immo
1369 2097 1569 2145 affirmat
1593 2100 1704 2146 Wil-

302 2180 495 2226 lelmum
543 2179 600 2225 de
628 2180 806 2231 Lorris‚
837 2180 1098 2226 Johannem
1140 2180 1197 2226 de
1224 2182 1385 2233 Meum,
1417 2182 1705 2229 Willelmum

304 2262 479 2316 AlexiS,
496 2262 734 2308 Nicolaum
754 2263 962 2314 Oresme‚
981 2263 1181 2309 Alanum
1196 2264 1434 2324 Aurigam,
1452 2265 1702 2318 Villonem‚

306 2345 665 2392 Meschinottum
702 2350 747 2392 et
778 2346 1006 2405 plurimos
1043 2347 1160 2393 alios
1194 2360 1286 2393 non
1320 2348 1478 2394 minus
1516 2349 1702 2409 elegan-

348 2525 390 2564 (1)
413 2528 475 2555 Art
499 2527 669 2564 poetique
697 2528 861 2567 franceis
883 2536 980 2565 pour
1005 2529 1253 2558 l‘instruction
1286 2528 1348 2558 des
1370 2529 1504 2565 J'eunes
1530 2530 1706 2559 studieux

309 2587 340 2614 et
363 2593 474 2614 encor
493 2594 563 2622 peu
587 2594 743 2616 avanee:
770 2596 815 2616 en
838 2588 870 2616 la
896 2588 1020 2624 poesie
1041 2588 1236 2626 fram-eise.
1259 2590 1354 2618 Avec
1377 2589 1406 2617 Ie
1428 2589 1568 2624 Quintil
1590 2591 1706 2622 Hora—

310 2644 385 2674 tian
408 2653 473 2673 sur·
496 2646 525 2674 la
550 2647 696 2682 defense
718 2648 749 2675 et
773 2647 1001 2676 illustr-atton
1023 2648 1267 2684 necatamque
1288 2648 1483 2687 franqoise.
1505 2647 1618 2679 Paris.
1637 2647 1707 2680 Par

308 2701 342 2732 la
357 2703 485 2734 veufve
499 2703 589 2735 Jean
606 2703 730 2735 Ruelle
746 2713 809 2735 rue
825 2704 859 2736 S.
874 2704 1030 2744 Jacques
1048 2714 1067 2735 a
1082 2705 1278 2746 l⁷enseigne
1297 2705 1422 2738 Sainct
1441 2706 1598 2739 Nicolas.
1618 2707 1705 2741 1573.
