1788 3055
714 205 924 245 -87-

111 295 372 353 specimina
399 295 525 348 citat,
551 296 674 342 inter
701 308 820 354 quae
846 296 964 342 illud
991 297 1245 343 Willhelmi
1272 298 1429 344 Alexis
1455 298 1527 344 eui

108 377 178 423 Le
211 375 385 422 Blason
429 377 507 422 des
552 377 730 437 fausses
765 378 996 431 szozws,
1039 379 1264 437 aliudque
1295 380 1528 425 Johannis

111 460 326 518 MajoriS‚
373 461 446 507 cui
481 459 702 505 Vale'tude
739 460 794 504 de
836 460 881 504 la
922 460 1055 505 rez‘ne
1090 460 1320 519 deffzmcte
1362 462 1528 508 titulus

111 541 369 600 inscriptus
397 547 483 589 est.

175 624 348 671 Eadem
380 637 432 671 ae
450 625 722 671 Molinettus
748 624 806 670 de
829 623 1109 684 riqueraque
1130 624 1265 677 dicim
1289 625 1528 684 traditque

108 706 239 752 aliud
278 707 507 765 poematis
540 719 689 765 genus
723 719 853 760 esse,
884 708 933 751 in
970 719 1062 764 quo
1101 719 1262 753 versus
1297 712 1527 765 quaterno

109 788 332 847 rhythmo
373 789 437 834 ita
472 793 823 847 componuntur
855 805 865 833 :
902 802 931 832 α
951 787 974 832 b
995 803 1024 832 α
1045 788 1068 832 b
1089 787 1113 832 b
1134 802 1157 834 c
1176 787 1200 832 h
1220 802 1244 833 C
1265 802 1289 834 C
1309 788 1381 833 (lc
1401 789 1434 832 d
1453 789 1486 833 cl
1504 804 1528 834 e

107 869 197 922 de,
223 876 309 917 etc.
342 872 392 916 ln
422 871 510 917 hoe
537 870 710 917 deinde
738 883 842 917 oum
868 871 1108 918 Molinetto
1137 871 1293 917 denuo
1320 872 1527 918 concinit

108 952 237 1010 quod
260 952 387 999 istud
410 952 499 998 vile
526 952 750 999 carminis
777 965 925 1012 genus
955 953 1083 1011 quod
1111 953 1418 1012 bayuenccude
1442 967 1525 1000 uo-

108 1035 344 1088 minatur‚
375 1035 749 1095 rhythmumque
785 1034 842 1080 de
866 1039 1002 1094 {soret
1030 1041 1076 1082 et
1106 1036 1352 1083 verborum
1387 1037 1525 1083 itera-

108 1119 262 1165 tiones
292 1118 457 1176 rejicit.

172 1203 237 1248 De
274 1202 543 1260 aequivocis
581 1202 738 1248 verbis
774 1203 978 1260 plurima
1012 1202 1205 1260 exponit
1235 1218 1244 1247 :
1276 1202 1524 1262 rhythmos

109 1283 390 1342 aequivocos
431 1296 486 1330 ex
517 1296 611 1329 uno
637 1282 704 1343 (1)
739 1285 807 1330 vel
838 1284 1056 1342 pluribus
1085 1284 1324 1330 vocabulis
1363 1283 1423 1344 (2)
1455 1285 1520 1331 ef-

109 1366 182 1412 fici
201 1380 214 1426 3
234 1378 339 1413 esse
362 1366 502 1413 etiam
527 1378 690 1412 versus
712 1379 766 1412 ex
790 1367 946 1425 priore
968 1367 1268 1412 hemistichio
1289 1372 1333 1412 et
1356 1367 1522 1425 rhyth-

108 1449 197 1495 mis
236 1448 298 1509 (5)
342 1449 410 1495 vel
450 1450 578 1495 omni
618 1462 672 1495 ex
713 1455 843 1508 parte
880 1448 946 1509 (4)
988 1449 1304 1507 aequivocos3
1350 1450 1522 1496 latinos

106 1532 394 1590 gallicosque
415 1544 576 1578 versus
600 1533 722 1578 inter
739 1545 789 1579 se
806 1533 977 1578 mixtos
995 1533 1284 1590 eosdemque
1301 1533 1522 1591 aequivo-

107 1626 184 1659 cos
217 1612 278 1674 (5)
306 1629 316 1667 ;
356 1614 448 1659 alia
479 1615 841 1672 aequivocorum
873 1614 1121 1660 verborum
1159 1627 1330 1673 genera
1365 1632 1383 1654 α
1411 1614 1523 1658 dou-

108 1695 176 1741 ble
196 1696 479 1741 unz'sonance
501 1715 519 1737 n
549 1697 616 1743 vel
641 1714 659 1736 <‹
684 1696 821 1756 triple
842 1696 1123 1741 um'sonance
1145 1715 1163 1737 »
1185 1696 1348 1755 gallice
1370 1696 1516 1749 diota;

149 1935 193 1974 (1)
361 1934 432 1973 Qui
455 1935 510 1965 n'a
530 1934 630 1966 force
652 1939 777 1975 argent
800 1939 835 1966 et
855 1938 960 1966 avoir

357 1994 388 2024 A
409 1993 516 2033 peine
534 1993 635 2033 peult
656 2002 758 2033 amys
781 1995 897 2024 avoir.

145 2051 190 2092 (⁶2)
359 2051 406 2083 Se
427 2061 512 2082 mon
532 2061 646 2082 cueur
666 2052 721 2082 fut
743 2054 787 2083 de
810 2054 863 2083 ire
884 2062 959 2091 pou
983 2055 1143 2091 resjouy,

359 2109 498 2147 Certos,
522 2119 615 2151 pour
638 2120 741 2150 vray,
764 2113 844 2142 dire
859 2120 1026 2150 pourray
1046 2113 1082 2149 Je
1104 2121 1188 2150 ouy.

146 2170 189 2210 (3)
235 2172 322 2205 Filz.
343 2180 414 2208 par
436 2171 590 2208 escriptz
608 2170 680 2209 j'ay
703 2179 789 2201 sceu
811 2179 881 2210 que
904 2180 978 2209 ung
995 2172 1090 2210 jour,
1113 2180 1133 2201 a
1154 2174 1249 2206 Han,

234 2231 296 2260 Fis
314 2231 453 2268 pareilz
472 2231 545 2260 crz'z
567 2229 744 2260 d'homme
767 2230 829 2269 qui
852 2230 989 2260 souffre
1007 2232 1144 2262 alian...

145 2288 188 2329 (4)
237 2292 423 2328 Tournay,
446 2292 581 2319 enlour
602 2297 641 2318 sa
662 2291 746 2326 folle
771 2290 1103 2327 ozellrecuyzzlance,

238 2350 434 2385 Toni-maye
453 2356 497 2378 en
521 2350 624 2383 [oum
644 2357 681 2377 se
703 2348 823 2385 affolle
845 2349 964 2377 oullre
986 2349 1050 2385 qui
1071 2349 1200 2378 (lance.

143 2406 187 2446 (5)
355 2405 453 2437 Tuos
475 2409 512 2436 tu
537 2405 650 2436 efficis
673 2415 793 2439 cecos,

351 2465 438 2496 Puis
461 2465 618 2496 soudain
636 2465 689 2496 los
711 2464 821 2495 rendz
846 2465 927 2504 plus
949 2473 1026 2495 seez
1045 2473 1114 2503 que
1136 2473 1192 2500 os,-

350 2523 476 2554 Fidem
498 2523 594 2554 haud
614 2533 762 2554 servare
782 2526 897 2561 potes,

351 2582 420 2613 Par
442 2587 504 2622 toy
527 2586 589 2613 ton
611 2584 688 2620 serf
703 2592 724 2612 a
748 2591 853 2620 repo-s·
875 2584 957 2618 [elz.

351 2641 489 2680 Nempe
511 2640 596 2680 quia
616 2642 804 2678 plur-imos
827 2643 1021 2678 sumplus,

351 2699 396 2731 Et
415 2700 488 2731 lors
510 2703 621 2740 quant
640 2701 728 2738 plus
749 2701 812 2738 νίς,
835 2702 929 2730 motz
948 2702 1032 2730 sont
1055 2702 1171 2731 teuz...
