1788 3055
678 206 883 243 ——ltt-

79 299 262 345 minina
288 299 338 344 in
365 298 671 357 polysyllabis
697 303 903 342 extrema
930 309 1037 354 prae
1058 295 1201 342 vocali
1225 296 1484 354 insequens

82 383 274 429 verbum
313 381 567 438 incipiente
604 385 929 429 conservetur,
963 392 1098 424 nemo
1128 379 1282 424 adhuc
1310 392 1402 436 qna
1430 378 1486 423 de

83 466 183 524 lege
222 465 286 510 ita
318 464 451 510 elisio
489 476 582 508 non
624 464 722 508 lieri
759 463 904 508 soleat
938 462 1203 508 discernere
1231 462 1398 519 potuit.
1433 463 1489 506 Ut

86 548 313 606 exemplis
354 552 483 597 utar,
522 547 608 591 1166
639 551 914 592 consuetum
953 545 1164 590 videmus
1202 545 1248 588 in
1278 548 1489 602 poemate

87 631 158 677 cui
206 630 369 676 titulus
417 627 668 687 Jousl‘roy,
725 629 771 673 in
818 627 1016 687 [sopato
1061 626 1392 686 Luffllzmensi,
1442 627 1489 671 in

88 712 238 758 Bruto
264 711 559 763 Monacensi,
591 713 637 757 in
672 712 901 757 Chronica
933 711 1135 769 Philippi
1176 710 1420 755 Muschetti
1450 714 1494 754 et

89 797 137 842 in
165 795 271 841 aliis
301 795 516 853 plurimis
545 794 833 840 carminibus
867 792 950 853 (l).

158 880 240 924 Illa
276 883 430 924 autem
471 890 590 935 quae
625 877 823 923 Jacohus
861 878 1054 935 Magnus
1091 876 1148 922 de
1184 876 1407 927 elisione,
1448 881 1497 922 ut

93 973 234 1019 supra
261 959 487 1011 vidimus,
520 959 735 1017 scripsit,
771 959 979 1003 nondum
1012 960 1163 1017 palam
1190 964 1339 1004 erant.
1371 959 1498 1013 Quae

94 1043 132 1089 si
162 1043 419 1097 novissent,
452 1043 606 1088 forsan
637 1044 810 1099 majore
840 1042 1089 1100 prudentia
1119 1042 1188 1087 usi
1219 1047 1376 1087 essent
1403 1041 1499 1087 edi-

95 1131 217 1171 tores
257 1125 324 1170 illi
363 1125 443 1182 qui
484 1130 533 1170 ut
563 1125 823 1170 scribarum
861 1137 1041 1170 errores
1075 1124 1211 1183 <sicut
1247 1136 1299 1169 ea
1334 1125 1496 1169 existi-

96 1207 308 1267 mabant)
340 1208 621 1267 corrigerent
651 1220 838 1266 operam
868 1207 1122 1258 dederunt,
1152 1211 1293 1264 atque
1320 1207 1500 1252 hiatum

97 1292 219 1337 inter
245 1306 268 1334 e
292 1291 565 1337 femininam
597 1291 643 1336 in
676 1291 816 1336 verbo
842 1297 1096 1336 extremam
1126 1295 1266 1348 atque
1298 1290 1500 1335 vocalem

98 1374 289 1420 verbum
328 1374 628 1432 incipientem
668 1375 978 1420 sustulerunt.
1018 1375 1070 1418 Hi
1111 1385 1299 1431 quoque
1338 1385 1505 1431 operae

99 1471 151 1504 ac
177 1458 374 1516 tempori
402 1458 719 1516 pepercissent
743 1459 841 1516 qui,
875 1458 1052 1503 hiatum
1083 1457 1323 1515 scriptoris
1356 1457 1506 1515 ipsius

101 1553 219 1599 opus
258 1553 360 1586 6556
398 1541 509 1592 rati,
541 1541 730 1598 quando
765 1547 808 1586 et
837 1540 1073 1598 quomodo
1109 1541 1239 1586 tieret
1274 1540 1502 1598 requisie-

104 1628 229 1668 runt.
255 1623 437 1669 Etenim
461 1623 659 1668 lacobus
684 1623 961 1681 planissime
993 1622 1136 1673 dixit,
1167 1623 1381 1680 quamvis
1420 1623 1510 1680 ple-

106 1706 240 1764 rique
300 1706 546 1771 elisionem
610 1706 960 1752 necessitudine
1025 1705 1204 1764 imponi
1258 1709 1507 1756 censeant,

105 1790 244 1835 licere
278 1794 432 1834 tamen
475 1795 523 1835 ut
560 1802 612 1835 ea
652 1790 924 1839 abstineas,
970 1789 1046 1834 ubi
1088 1801 1248 1834 versus
1288 1800 1512 1833 numerus

108 1872 286 1917 hiatum
325 1877 527 1930 expetat.
580 1891 597 1912 «
638 1873 701 1917 Tu
742 1872 844 1917 dois
885 1872 1040 1916 saveir
1078 1884 1168 1929 que
1208 1876 1356 1928 quant
1392 1870 1512 1916 deux

109 1956 303 2014 voyeulx
333 1956 505 2000 s'entre
528 1955 796 2006 ensuiveut‚
831 1959 876 1999 tu
907 1967 1020 2012 pnes
1048 1954 1168 1999 deux
1197 1953 1388 1999 sillahes
1419 1958 1518 1999 tant

111 2039 372 2084 seulement
397 2044 602 2096 compter
634 2051 750 2096 pour
776 2050 886 2086 une,
915 2050 989 2082 car
1020 2038 1059 2082 le
1087 2037 1326 2082 (1611611161ι
1353 2037 1517 2095 voyeul

113 2125 354 2178 comprent
383 2121 422 2165 le
450 2121 669 2178 premier,
699 2126 742 2165 et
770 2120 893 2165 ainsi
923 2119 1042 2164 deux
1070 2119 1262 2164 sillalies
1292 2123 1390 2164 tant
1416 2130 1519 2163 seu-

115 2205 289 2250 lement
326 2216 375 2250 se
414 2210 651 2263 comptent.
690 2217 806 2262 pour
845 2215 953 2248 une.
992 2203 1213 2260 Exemple
1252 2218 1260 2246 :
1300 2201 1524 2245 (larneest

115 2286 286 2340 bonne,
326 2288 367 2332 la
400 2286 666 2333 derreniere
704 2287 871 2332 sillabe
912 2285 969 2330 de
1012 2284 1152 2329 clame
1192 2297 1240 2329 se
1289 2295 1523 2342 prononce

118 2383 226 2416 avec
261 2373 324 2414 est
361 2375 404 2416 et
435 2383 494 2416 ne
528 2370 627 2416 font
664 2382 755 2428 que
791 2381 880 2414 une
916 2368 1100 2414 sillabe.
1133 2366 1368 2413 Toutet'ois
1396 2365 1426 2410 il
1456 2371 1526 2411 est

121 2464 178 2498 eu
205 2458 280 2512 toy
305 2452 362 2498 de
388 2453 453 2498 les
475 2459 681 2512 compter
704 2465 820 2510 pour
844 2451 966 2497 deux
995 2449 1204 2503 sillabes,
1231 2449 1269 2494 si
1298 2453 1345 2494 tu
1370 2448 1523 2503 veulx‚

167 2658 278 2696 (1)(311
302 2659 344 2688 A.
368 2657 509 2689 Tobler.
534 2660 576 2687 Le
602 2668 681 2688 cers
701 2658 864 2695 (utimr-:ris
888 2660 917 2686 cl
944 2657 1132 2693 1111111611113,
1155 2665 1173 2684 a
1194 2653 1235 2686 G.
1259 2654 1360 2685 Paris
1382 2652 1531 2683 transla-

129 2721 215 2755 tuin⁷
240 2727 272 2756 p.
292 2717 341 2747 71.
