1788 3055
843 153 1051 192 -42—

244 253 385 306 atque
423 246 575 292 cantio
624 246 852 292 amatoria
895 250 938 291 et
975 245 1322 297 servantasius;
1362 244 1486 290 unde
1523 244 1572 291 fit
1606 249 1655 292 ut

243 335 519 390 argumento
543 335 723 376 tantum
743 329 824 374 illa
842 333 1056 388 poemata
1076 328 1197 374 inter
1213 340 1261 374 se
1278 327 1649 387 distinguantur.

247 413 499 459 Pastoralis
530 418 683 458 tamen
714 413 917 470 quisque
950 423 1109 457 versus
1138 423 1193 457 ex
1221 416 1322 457 octo
1353 416 1531 457 tantum
1567 412 1655 471 syl-

245 496 365 542 labis
394 501 599 549 constat,
634 501 682 541 ut
710 496 758 541 in
787 495 944 541 codice
976 495 1098 539 4257
1130 494 1470 553 praescriptum
1498 499 1584 541 est.

308 580 590 625 Ballatarum
639 578 811 624 deinde
865 578 1079 636 exempla
1132 578 1353 636 proponit
1413 576 1654 624 Baldettus

252 683 269 701 u
300 663 347 708 in
378 662 643 708 scholarum
675 661 886 707 conciliis
916 680 932 701 ι)
975 660 1299 713 dicendarum,
1325 660 1555 719 jubetque
1589 665 1654 707 tot

244 758 404 791 versus
431 746 478 790 in
509 757 697 803 quaque
720 744 911 803 stropha
936 755 1039 789 esse
1065 748 1179 801 quot
1207 743 1412 802 syllabas
1439 743 1485 788 in
1516 755 1650 789 versu

244 829 407 875 iterato
449 826 695 888 (refrain).
727 829 838 872 Eam
878 839 982 872 vero
1017 826 1222 885 appellat
1252 826 1473 872 ballatam
1513 826 1653 872 salta-

242 911 408 958 toriam
467 910 665 971 (ballmlc
706 909 962 969 balladanc)
1020 910 1153 968 cujus
1196 922 1411 968 quaeque
1459 910 1654 968 stropha

240 1007 404 1041 versus
450 1000 628 1053 septem
663 994 1015 1053 complectitur,
1048 1005 1210 1039 versus
1246 998 1402 1039 autem
1450 992 1654 1052 quisque

243 1083 420 1137 septem
450 1078 675 1138 syllabas.

305 1162 529 1220 Sequitur
555 1162 705 1220 primo
733 1161 1000 1219 exemplum
1038 1178 1056 1201 c<
1083 1160 1286 1206 ballatae
1315 1157 1560 1218 cujusdam
1593 1159 1653 1205 ad

242 1246 527 1292 voluntatem
559 1244 751 1291 artificis
780 1244 1066 1303 compositae
1092 1262 1136 1288 ».
1168 1244 1294 1289 Duas
1324 1247 1505 1289 tantum
1533 1247 1652 1289 stro-

241 1329 359 1388 phas
377 1327 749 1387 comprehendit.
769 1328 1000 1374 Versuum
1018 1339 1244 1373 numerus
1265 1326 1313 1371 in
1334 1338 1523 1385 quaque
1539 1330 1653 1373 stro-

240 1412 333 1471 pha
362 1423 457 1457 non
481 1411 695 1470 congruit
721 1423 825 1457 cum
857 1410 1145 1469 syllabarum
1171 1421 1368 1456 numero
1390 1409 1439 1455 in
1462 1421 1652 1468 quoque

241 1508 403 1547 versu;
444 1494 675 1540 dedicatio
714 1498 895 1540 tantum
925 1492 1043 1539 duos
1071 1505 1233 1539 versus
1268 1493 1427 1540 habet.
1472 1492 1652 1540 Deinde

241 1578 416 1623 ballata
451 1596 469 1618 a
495 1577 623 1637 layee
647 1596 692 1630 »,
719 1577 782 1623 ita
813 1576 952 1629 dicta,
979 1576 1082 1623 sine
1104 1576 1268 1630 dubio,
1297 1575 1426 1635 quia,
1454 1576 1575 1622 sicut
1601 1575 1649 1622 in

241 1666 455 1720 poemate
483 1660 569 1714 lai,
603 1673 765 1707 versus
799 1660 1002 1719 impares
1035 1664 1173 1713 sunt;
1206 1671 1326 1718 quae
1357 1659 1651 1707 dedicatione

241 1750 381 1791 caret.
422 1744 598 1798 Tertio,
630 1744 803 1790 ballata
850 1762 869 1784 (ι
905 1742 962 1787 cle
994 1746 1124 1788 court
1160 1746 1328 1787 mettre
1365 1761 1410 1796 ι),
1453 1743 1542 1789 hoc
1580 1747 1651 1790 est

240 1829 360 1875 duae
412 1829 633 1887 strophae
679 1840 734 1875 ex
787 1827 1020 1874 duodenis
1073 1827 1288 1874 versibus
1343 1826 1475 1874 fictae
1501 1863 1511 1880 ,
1567 1827 1649 1886 qui

242 1925 402 1958 versus
455 1912 631 1958 habent
674 1917 928 1970 quaternas
977 1911 1210 1971 syllabas,
1260 1910 1492 1958 dedicatio
1543 1923 1650 1958 vero

240 1996 358 2041 duos
387 2000 570 2042 tantum
598 2007 778 2042 versus.

306 2077 520 2124 Rondelli
550 2078 763 2136 exempla
791 2082 1004 2137 tantum,
1039 2077 1142 2123 sine
1172 2077 1267 2123 ulla
1295 2077 1646 2137 explanatione,

240 2161 479 2208 Baldettus
514 2161 672 2213 affert,
714 2161 778 2207 ita
813 2166 865 2207 ut
900 2160 1133 2219 simplicia
1169 2160 1422 2207 succedant
1450 2159 1650 2219 duplici-

238 2245 344 2291 bus.
386 2246 437 2290 In
467 2245 640 2303 quibus
676 2245 939 2303 perspicere
970 2249 1040 2290 est
1072 2244 1285 2290 iteratam
1320 2247 1499 2302 partem
1532 2255 1644 2302 poe-

238 2328 375 2374 matis
418 2326 648 2387 (resima)
700 2327 827 2373 haud
865 2326 995 2372 aliud
1032 2338 1136 2372 esse
1169 2338 1222 2372 ac
1260 2326 1463 2384 priorem
1508 2326 1646 2384 primi

236 2423 398 2456 versus
435 2416 646 2469 partem;
685 2410 812 2469 quod
856 2409 1047 2469 quidem
1086 2410 1291 2468 primum
1328 2409 1561 2468 reperitur
1598 2409 1646 2455 in

240 2494 348 2541 Arte
374 2494 664 2541 Rhetoricae.

305 2578 345 2623 Is
379 2583 448 2623 est
485 2577 726 2624 rondellus
768 2595 787 2618 α
826 2577 931 2637 laye'
969 2595 986 2617 »
1044 2577 1092 2622 in
1141 2589 1233 2635 quo
1271 2588 1432 2623 versus
1473 2576 1644 2623 minuti

238 2661 529 2720 longioribus
559 2661 691 2708 mixti
721 2666 851 2708 sunt.
877 2662 919 2708 ls
946 2666 1100 2707 autem
1130 2672 1269 2720 quem
1298 2659 1387 2707 sub
1416 2659 1558 2708 finem
1585 2659 1641 2706 li-
