1788 3055
875 215 1060 255 -2-

261 307 409 355 libros
453 306 894 366 comprehenderet,
927 318 1118 365 unoque
1161 306 1352 353 nomine
1391 304 1676 366 exprimeret

262 391 388 450 quod
422 391 580 450 plures
607 395 820 437 auctores
851 390 1066 449 pluribus
1102 389 1376 436 nominibus
1413 389 1675 448 exprimere

261 478 576 521 tentaverunt.
615 473 730 519 Cum
773 473 898 519 enim
945 478 1182 532 oporteret
1228 473 1350 519 hanc
1393 471 1672 520 rhetoricam

261 569 382 616 quae
409 555 802 603 versificationem
829 555 963 602 docet
985 555 1043 601 ab
1071 556 1154 601 illa
1183 555 1417 602 rhetorica
1444 555 1672 615 distingui

260 640 393 699 cujus
421 639 616 686 materia
642 643 713 685 est
739 639 893 685 soluta
917 638 1083 692 oratio,
1110 639 1186 685 hic
1205 638 1371 686 titulus
1402 656 1421 679 α
1443 639 1530 685 Ars
1554 639 1672 685 Rhe·

260 723 433 771 toricae
461 722 753 783 rhythmicae
780 740 799 763 1>
834 721 1111 781 aptissimus
1137 722 1202 768 rei
1230 721 1359 768 visus
1383 727 1480 775 est;
1506 734 1672 780 quam-

261 807 356 859 vis,
386 806 562 859 fateor,
594 805 834 852 Eustachii
869 805 927 852 de
963 804 1151 864 Campis
1189 805 1387 852 consilio
1425 817 1522 851 non
1556 804 1672 851 satis

259 894 366 949 apte
393 901 497 936 sese
523 888 859 936 accommodet.
890 889 972 935 llle
999 888 1144 941 enim,
1174 888 1520 936 vetustissimae
1547 900 1671 935 com-

259 972 566 1019 mentationis
597 977 757 1019 auctor
785 984 906 1031 quae
945 972 1083 1018 nobis
1123 977 1397 1019 conservata
1433 971 1520 1026 sit,
1551 972 1673 1018 hanc

258 1061 429 1110 artem,
474 1054 834 1102 versificationis
876 1056 1175 1114 magistram,
1214 1067 1270 1102 ex
1307 1055 1485 1102 musica
1521 1059 1669 1101 ortam

258 1151 362 1186 esse
401 1144 558 1198 putat,
596 1151 691 1185 non
729 1151 783 1186 ex
822 1139 1079 1191 rhetorica;
1117 1151 1286 1199 nempe
1325 1139 1498 1185 librum
1531 1151 1669 1185 suum

257 1222 511 1282 appellavit
542 1238 552 1267 ε
592 1239 610 1262 <t
639 1220 791 1267 L’Art
815 1221 872 1266 de
897 1221 1063 1268 dz'ctier
1089 1226 1130 1266 et
1161 1222 1218 1267 de
1252 1222 1381 1283 faire
1415 1222 1666 1279 chancons,

258 1305 476 1357 ballantes,
508 1304 698 1351 virelaz‘s
724 1308 767 1350 et
791 1304 1057 1350 rondeauoe.
1091 1323 1110 1346 2>

324 1389 461 1435 Solus
514 1393 669 1434 autem
722 1388 957 1447 discrepat
982 1404 991 1440 ;
1046 1389 1186 1435 ceteri
1244 1394 1406 1435 contra
1456 1393 1670 1435 auctores

258 1483 517 1530 eorumque
552 1471 774 1530 aequales
811 1471 1072 1518 rhetoricae
1104 1484 1276 1519 nomen
1305 1473 1370 1518 ita
1406 1472 1570 1531 vulgo,
1606 1472 1672 1518 ita

258 1555 473 1602 consulto
501 1560 849 1613 usurpaverunt
874 1560 924 1601 ut
951 1555 1217 1601 necessario
1246 1554 1569 1614 recipiendum
1599 1553 1666 1599 vi-

257 1638 439 1685 deatur.
472 1637 606 1693 Quod
635 1637 702 1690 si,
734 1638 791 1684 de
817 1638 892 1684 his
919 1638 1398 1685 commentationibus
1428 1638 1666 1690 dicturus,

257 1722 381 1768 Artis
427 1720 634 1780 poeticae
674 1721 866 1768 nomine
914 1727 1093 1774 uterer,
1125 1734 1220 1767 non
1264 1734 1425 1768 eorum
1465 1721 1669 1781 profecto

257 1804 507 1851 consilium
536 1804 845 1863 exprimerem
877 1805 958 1864 qui
986 1817 1064 1851 eas
1093 1810 1489 1864 composuerunt,
1520 1804 1670 1852 idem-

259 1901 350 1947 que
383 1900 512 1935 error
547 1893 671 1935 esset
702 1901 754 1934 ac
782 1888 851 1944 si,
891 1889 1067 1935 nostris
1104 1888 1426 1948 temporibus,
1469 1888 1575 1934 lihri
1613 1887 1670 1934 de

259 1971 480 2031 prosodia
517 1972 661 2018 latina
700 1977 780 2018 aut
825 1971 882 2017 de
925 1971 1269 2018 versificatione
1306 1971 1471 2031 gallica
1507 1971 1669 2030 scripti

267 2073 287 2096 α
311 2056 444 2102 Artes
471 2055 679 2114 poeticae
704 2073 722 2095 »
756 2055 1126 2114 appellarentur.

323 2139 512 2185 Veteres
538 2139 644 2184 illos
673 2138 820 2184 libros
847 2138 1110 2185 accuratius
1139 2142 1354 2184 excutere
1384 2137 1498 2184 utile
1524 2136 1670 2196 pluri-

260 2222 349 2269 bus
385 2235 438 2268 ex
476 2222 631 2268 causis
664 2221 847 2268 videtur
878 2237 887 2266 z
920 2222 995 2268 hic
1023 2222 1150 2267 enim
1186 2221 1468 2267 documenta
1496 2220 1670 2279 pretio-

261 2306 452 2352 sissima
473 2310 518 2351 et
538 2304 693 2350 adhuc
718 2310 874 2351 tamen
897 2304 1245 2363 neglectissima
1268 2304 1497 2362 reperias;
1524 2302 1673 2362 quod-

261 2389 367 2434 dam
395 2388 507 2434 inde
536 2388 692 2434 lumen
721 2388 853 2446 cujus
882 2387 1058 2433 auxilio
1088 2387 1258 2432 clarior
1289 2391 1512 2445 appareat
1543 2390 1671 2433 aetas

262 2471 623 2524 obscurissima;
644 2471 789 2517 immo
812 2471 934 2516 hanc
960 2475 1159 2517 aetatem
1189 2469 1342 2516 dicere
1370 2469 1476 2516 licet
1500 2469 1667 2523 solam,

263 2554 309 2600 in
352 2559 619 2600 nostrarum
655 2554 915 2600 litterarum
955 2553 1178 2605 historia,
1209 2552 1404 2599 omnino
1432 2552 1666 2612 ignorari,

263 2642 461 2683 aetatem
490 2636 593 2683 dico
619 2649 738 2695 quae
765 2649 821 2682 ex
850 2635 1044 2682 finiente
1072 2640 1239 2695 quarto
1274 2635 1454 2682 decimo
1482 2635 1669 2682 saeculo

263 2721 321 2767 ad
350 2721 583 2780 incipiens
614 2724 797 2767 sextum
833 2719 1066 2767 decimum
1105 2719 1343 2766 saeculum
1378 2717 1664 2766 extenditur.
