1788 3055
700 219 912 259 —93—

97 311 205 358 dam
235 311 487 357 Gratianus
515 310 665 362 addit,
696 324 719 357 e
749 311 923 369 quihus
950 312 1063 357 haec
1089 311 1230 370 digna
1256 317 1368 358 sunt
1396 325 1517 371 quae

98 394 359 440 referantur
389 410 399 439 ε

165 477 429 535 Rhythmos
475 481 843 529 concatenatus,
893 488 997 520 cum
1049 477 1243 522 ultimus
1289 479 1519 536 cujusque

98 558 322 616 strophae
347 569 511 604 versus
535 557 674 604 initio
697 558 995 616 insequentis
1024 559 1246 616 strophae
1272 560 1514 617 repetitur.

164 641 434 700 Rhythmus
464 640 728 699 permixtus
748 676 758 693 ‚
800 652 904 685 cum
945 640 1110 685 ultimo
1137 641 1366 698 qu'usque
1395 646 1516 686 stro-

98 723 221 782 phae
262 723 403 769 verbo
431 723 624 768 verbum
662 722 889 776 latinum,
928 735 1021 780 quo
1057 735 1226 768 sensus
1255 723 1516 781 expleatur,

100 805 326 851 succedit.
361 807 556 851 Summa
603 818 709 851 vero
751 805 1004 851 latinorum
1048 806 1294 851 verborum
1336 805 1518 864 aliquid

99 888 334 947 significet
362 901 553 935 necesse
582 893 669 934 est.

165 972 311 1026 Quem
354 971 625 1030 rhythmum
661 971 914 1017 Gratianus
951 988 968 1011 α
999 974 1102 1014 teste
1137 975 1176 1015 et
1206 984 1350 1030 queue
1381 988 1399 1010 2>
1437 983 1517 1016 seu

108 1072 126 1094 a
155 1053 353 1113 capitale
379 1057 419 1097 et
445 1053 592 1112 finale
617 1072 634 1093 ›>
669 1055 900 1103 nominat,
925 1066 979 1099 ex
1010 1054 1224 1111 exemplo
1255 1054 1518 1112 promptius

101 1147 241 1193 quam
271 1148 327 1182 ex
356 1135 638 1182 definitione
667 1136 902 1194 intelliges
937 1153 945 1180 :

99 1349 128 1383 F
241 1328 365 1352 omino
388 1328 482 1363 pour
506 1328 593 1362 vray
619 1319 817 1362 tousjours
840 1330 857 1351 a
884 1318 1083 1363 nizinlvays
1105 1318 1188 1352 chio

241 1383 363 1417 disant
385 1383 484 1417 saulx
507 1386 628 1421 tours,
655 1382 793 1417 instinct
816 1394 893 1427 ung
915 1385 984 1417 mal
1015 1388 1048 1417 ot
1073 1383 1243 1417 moschie

166 1553 287 1599 Cura
327 1565 433 1598 vero
465 1557 516 1598 ut
552 1552 734 1597 litterae
763 1564 884 1609 quae
919 1553 1055 1610 quasi
1092 1552 1243 1610 capita
1273 1557 1317 1597 et
1345 1551 1522 1598 caudae

101 1647 320 1682 versuum
366 1640 478 1680 sunt
515 1647 688 1679 nomen
736 1634 974 1692 quoddam
1018 1635 1085 1680 vel
1131 1634 1429 1692 proverbium
1476 1635 1519 1679 in

103 1731 250 1764 unum
281 1718 478 1763 collatae
507 1716 727 1763 efficiant.

168 1800 458 1859 Rhythmum
496 1801 601 1843 sene'
633 1799 808 1845 dictum
846 1799 991 1844 habes
1027 1812 1129 1844 cum
1168 1800 1318 1857 prima
1357 1801 1519 1859 singu-

103 1884 255 1929 lorum
297 1883 344 1928 in
389 1887 484 1928 toto
524 1894 660 1927 versu
690 1882 936 1928 verborum
967 1881 1056 1926 sihi
1087 1887 1291 1934 constat,
1324 1888 1368 1927 et
1393 1882 1523 1940 ipsae

102 1965 283 2024 primae
311 1978 530 2011 versuum
563 1966 745 2011 litterae
774 1977 967 2012 sensum
996 1965 1247 2023 quemdam
1274 1966 1519 2024 praebent,

103 2049 144 2096 si
172 2048 495 2107 conjunxeris,
1004 2095 1009 2098 .

168 2133 290 2178 Sunt
328 2136 372 2177 et
406 2132 485 2177 alii
522 2131 729 2190 pueriles
771 2132 1100 2191 rhythmorum
1132 2132 1231 2177 ludi
1262 2144 1381 2190 quos
1407 2133 1520 2177 Gra-

104 2215 262 2261 tianus
297 2214 419 2258 rime
452 2229 481 2258 a
515 2218 683 2259 termes
723 2215 982 2259 contraires
1002 2251 1012 2267 ,
1046 2214 1168 2259 rime
1203 2228 1413 2259 anneoeee
1448 2229 1524 2259 en-

104 2296 344 2351 trelassee‚
381 2297 502 2342 rime
536 2297 823 2357 emperiere,
862 2301 982 2342 rime
1021 2297 1204 2355 d’echo,
1240 2297 1520 2358 escthuier,

104 2381 334 2439 appellat,
375 2385 420 2426 et
465 2393 570 2434 eos,
614 2393 674 2427 ne
722 2381 806 2426 tihi
854 2382 1003 2439 majus
1056 2381 1261 2427 taedium
1301 2381 1521 2433 afferam,

103 2463 447 2522 praetermitto

173 2546 434 2605 Rhythmos
457 2551 612 2592 autem
638 2546 813 2604 quibus
838 2546 1031 2591 nomina
1054 2551 1166 2592 sunt
1191 2545 1522 2605 :pastourelle‚

106 2626 337 2687 chapelet,
365 2627 603 2686 palinode,
634 2626 836 2680 leonine,
866 2626 1077 2686 epiloyue
1104 2639 1185 2673 set]
1214 2627 1396 2687 sacras,
1421 2641 1520 2672 ser-

109 2708 311 2762 vantoz's,
340 2709 463 2754 rime
488 2709 714 2762 candere,
748 2709 804 2754 de
829 2714 990 2769 φονεῦ,
1021 2710 1253 2756 faciliores
1281 2714 1326 2757 et
1353 2710 1524 2756 idcirco
