1788 3055
843 172 1047 211 -η-

244 264 368 309 riens
400 262 647 317 describit,
678 263 870 310 nonnisi
908 264 1033 324 apud
1069 265 1244 324 regales
1281 270 1444 312 cantus
1473 271 1649 313 veteres

242 357 352 392 usos
380 346 545 393 fuisse.

305 430 369 475 Ea
401 434 556 476 autem
586 436 656 477 est
684 431 806 478 inter
834 443 997 478 omnes
1026 431 1228 478 ballatae
1259 427 1438 491 species
1467 431 1649 479 difficil-

241 511 353 557 lima
381 524 502 571 quae
528 513 782 572 aequivoca
810 513 1173 573 retrogradaque
1199 514 1386 561 dicitur.

305 595 439 651 Quod
478 596 517 641 si
552 596 608 642 ad
652 597 891 644 Eustachii
922 602 1132 656 tempora
1162 598 1403 657 respiciaS,
1445 598 1492 645 id
1529 603 1651 646 certe

240 678 487 725 miraberis
522 679 649 738 quod
688 681 975 726 masculinos
1012 693 1115 726 cum
1144 680 1386 727 femininis
1415 681 1648 740 rhythmis

238 761 364 820 apud
387 761 607 808 ballatam
627 762 894 809 miscendos
918 763 1189 823 praecipiat.
1214 764 1431 810 Nondum
1456 764 1646 823 quidem

238 856 317 891 eos
360 850 584 892 consueta
624 858 752 892 nune
789 847 885 893 vice
925 847 989 892 ita
1029 851 1299 893 constanter
1343 847 1648 894 alternandos

237 933 422 982 censet,
459 941 518 975 ne
555 942 648 988 qua
685 929 913 976 feminino
950 930 1223 982 femininus,
1266 942 1348 977 seu
1387 930 1648 977 masculino

237 1012 529 1058 masculinus
569 1013 808 1071 subjectus
844 1013 1034 1060 insistat
1072 1012 1156 1075 (l).
1195 1014 1266 1068 At,
1306 1015 1344 1061 si
1380 1014 1647 1074 exemplum

236 1100 490 1154 utrumque
506 1096 732 1155 inspicias
754 1096 880 1155 quod
904 1097 1167 1156 proposuit,
1191 1097 1374 1144 videbis
1394 1096 1648 1144 femininos

239 1179 622 1239 masculinosque
670 1180 918 1240 rhythmos
968 1185 1059 1226 tam
1112 1181 1386 1240 regulariter
1425 1180 1645 1227 alternari

237 1275 376 1322 quarn
406 1263 532 1323 apud
558 1264 783 1323 temporis
815 1265 962 1310 nostri
996 1266 1221 1311 carmina.

302 1347 504 1406 Hujusce
552 1360 656 1394 vero
713 1347 837 1393 modi
891 1353 1189 1407 praeceptum
1237 1361 1473 1408 nusquam
1521 1349 1647 1409 apud

236 1435 413 1477 ceteros
440 1431 520 1490 qui
545 1436 653 1478 ante
674 1444 853 1477 annum
882 1433 1001 1477 1525
1025 1432 1205 1479 circiter
1233 1432 1366 1479 Artes
1391 1433 1648 1480 rhetoricae

237 1515 542 1573 scripserunt,
585 1515 642 1562 de
682 1516 856 1574 quibus
894 1516 1033 1562 verba
1067 1528 1170 1562 sum
1211 1521 1373 1575 postea
1409 1516 1642 1571 facturUS‚

235 1597 489 1644 invenitur.

300 1682 523 1728 Memoria
554 1695 744 1742 quoque
777 1683 971 1742 dignum
1003 1688 1073 1730 est
1111 1696 1168 1730 ne
1196 1684 1339 1730 semel
1368 1683 1558 1743 quidem
1587 1684 1645 1731 ab

236 1766 488 1812 Eustachio
526 1768 783 1826 praescribi
821 1780 876 1813 ex
906 1767 1056 1814 tribus
1088 1772 1269 1814 tantum
1304 1768 1512 1827 strophis
1539 1767 1641 1814 bal-

238 1849 375 1894 latam
404 1855 610 1905 exstare,
643 1863 746 1896 cum
776 1851 862 1897 hoc
889 1864 916 1896 a
943 1851 1124 1910 legente
1152 1856 1440 1910 compertum
1469 1856 1640 1898 teneat.

299 1932 539 1991 Descripta
566 1933 764 1987 ballata,
802 1934 858 1980 de
887 1935 1092 1981 carmine
1120 1934 1248 1993 quod
1282 1934 1452 1979 virelai
1477 1936 1641 1994 appel-

234 2014 355 2059 latur
384 2014 436 2061 fit
462 2015 628 2062 oratio,

297 2098 363 2144 De
390 2100 680 2146 servantasio
704 2100 769 2145 nil
799 2100 927 2147 aliud
953 2100 1082 2154 dicit,
1110 2102 1202 2147 nisi
1232 2113 1417 2148 carmen
1448 2101 1566 2148 illud
1587 2114 1642 2148 ex

233 2180 475 2239 quinque,
523 2184 689 2241 regalis
735 2189 900 2230 cantus
942 2196 1099 2237 more,
1151 2185 1359 2243 strophis
1401 2190 1639 2237 constare,

231 2264 510 2324 plerumque
550 2266 599 2311 in
648 2267 817 2313 Mariae
861 2268 1052 2327 virginis
1095 2268 1316 2314 laudibus
1348 2268 1642 2315 celebrandis

269 2451 314 2491 (1)
333 2463 347 2481 «
365 2452 408 2483 Et
424 2461 461 2483 se
479 2453 553 2483 doit
572 2463 617 2484 on
636 2455 821 2493 tonsjours
840 2455 981 2495 garder,
1003 2464 1047 2485 en
1064 2455 1195 2486 faisant
1217 2455 1354 2493 balade,
1375 2456 1435 2495 qui
1455 2460 1553 2496 puet,
1571 2465 1641 2496 que

228 2512 279 2542 les
297 2520 378 2542 vers
400 2520 445 2542 ne
464 2513 583 2543 soient
605 2523 668 2553 pas
687 2513 730 2544 de
753 2523 905 2545 mesmes
924 2514 1015 2554 pioz,
1036 2515 1125 2546 mais
1145 2515 1293 2546 doivent
1312 2519 1406 2546 estre
1425 2515 1469 2546 de
1488 2516 1576 2546 nous
1592 2525 1639 2547 ou

229 2571 272 2601 do
292 2571 365 2607 dix,
386 2571 429 2601 do
448 2576 527 2611 sept
548 2581 594 2602 ou
617 2572 660 2603 de
679 2574 756 2604 huit
778 2583 825 2604 ou
848 2574 890 2604 do
913 2575 1010 2611 neus,
1030 2575 1132 2605 selon
1150 2584 1189 2606 ce
1207 2575 1290 2614 qu'il
1308 2576 1413 2615 plaist
1429 2584 1473 2605 au
1490 2575 1637 2613 faiseur‚

228 2639 311 2661 sans
339 2629 390 2661 les
413 2630 501 2661 faire
529 2635 610 2662 tous
633 2633 784 2672 egaulx,
807 2642 866 2663 cnr
892 2634 922 2664 la
945 2633 1070 2664 balade
1094 2634 1175 2664 n'cn
1201 2638 1254 2665 est
1276 2644 1339 2675 pas
1361 2635 1390 2665 si
1412 2634 1567 2675 plaisant
1591 2643 1636 2666 ne

228 2690 271 2721 de
293 2691 322 2722 si
345 2693 462 2722 bonne
484 2691 600 2732 sacon.
627 2704 640 2721 »
