1788 3055
659 187 861 228 -.35..

129 279 307 327 Ballata
351 279 611 339 tergemina
665 280 710 339 (a
757 279 870 322 trois
915 279 1162 339 mam'eres)
1203 280 1374 327 dicitur
1417 294 1472 328 ea

63 375 184 422 quae
225 375 370 409 sensu
415 363 503 409 sibi
554 374 647 407 non
688 367 887 414 constat,
936 368 1073 421 prout
1119 363 1249 421 prius
1289 370 1469 411 tantum

65 446 293 505 cujusque
321 457 481 491 versus
511 445 862 491 hemistichium
900 446 1094 504 legitur,
1135 452 1214 492 aut
1241 447 1467 499 alterum,

62 532 144 574 aut
191 532 315 574 totus
364 539 543 574 versus.
590 529 867 586 Exemplum
915 528 1035 574 Petri
1083 528 1139 574 de
1181 529 1470 588 Compendio

64 610 260 657 relatum
283 615 353 656 est
374 608 454 671 (1).

127 692 278 739 Stulta
301 693 454 739 cantio
477 694 666 740 Walteri
695 693 805 740 dicti
836 695 1065 753 Maqueau
1089 695 1345 742 Duaeensis
1375 700 1463 746 est,

64 776 380 836 rhythmoque
408 780 453 822 et
479 777 821 836 propemodum
851 790 995 825 sensu
1023 784 1148 825 caret
1172 776 1251 839 (2).

129 860 345 908 Codicem
368 861 575 920 denique
597 861 834 920 complent
860 862 947 907 tria
973 867 1205 921 poemata,
1233 862 1344 908 olim
1371 873 1472 920 per-

64 945 391 1004 vagatissima‚
440 943 654 991 videlieet
698 945 819 991 illud
861 946 1092 991 Johannis
1145 945 1351 1003 Chapuis
1399 945 1471 990 cui

65 1027 187 1074 tituli
215 1028 354 1074 modo
383 1027 474 1072 Des
505 1026 603 1071 VH
624 1027 808 1073 articles
830 1028 887 1074 de
913 1027 959 1072 la
986 1028 1097 1081 Foz',
1127 1028 1266 1076 modo
1294 1028 1362 1074 Le
1388 1027 1470 1073 Li-

62 1124 147 1156 vre
169 1109 226 1155 de
254 1109 452 1162 Trim‘te'‚
480 1111 547 1157 vel
568 1111 647 1156 alii
671 1111 810 1157 etiam
836 1112 1189 1161 inscribuntur:
1223 1109 1474 1156 Codicillus

63 1193 294 1239 Johannis
338 1193 395 1240 de
446 1193 584 1239 Meun
622 1199 678 1251 ⁸et
722 1192 971 1254 Hospz'tale
1015 1193 1236 1250 Amoris,
1286 1198 1473 1239 auctore

64 1276 215 1323 Alano
240 1276 430 1336 Auriga.

104 1446 146 1486 (1)
232 1446 324 1477 Bien
345 1446 422 1478 doit
441 1450 573 1485 amant,
784 1447 844 1487 qui
867 1449 954 1478 vuet
974 1446 1132 1478 Amours
1154 1447 1282 1484 servir,

227 1505 508 1546 Joyeusement,
780 1515 845 1546 par
865 1506 1025 1537 maniere
1047 1507 1248 1545 ordonnee,

229 1567 286 1597 Au
307 1569 423 1606 temps
445 1566 612 1606 plaisant⁷
782 1567 884 1597 avoir
902 1566 1008 1597 doulz
1028 1566 1214 1604 souvenir,

228 1625 329 1666 Vray
350 1628 565 1663 sentement,
776 1625 853 1656 faut
871 1625 956 1665 qu'il
979 1625 1041 1663 ait,
1063 1625 1147 1656 c'est
1168 1625 1337 1663 l'entree,

228 1684 339 1715 Tenir
358 1693 402 1715 en
422 1694 490 1725 soy
781 1685 942 1725 largesce
965 1690 999 1716 et
1021 1685 1260 1716 courtoisie...

106 1743 149 1783 (Q)
276 1743 362 1776 S'on
383 1753 429 1778 ne
448 1753 504 1775 me
525 1747 612 1785 puet
632 1753 679 1776 ou
702 1744 746 1775 de
766 1745 864 1776 taille
887 1754 934 1776 ou
955 1744 1090 1776 d'estoc

271 1803 399 1835 Mettre
417 1813 437 1835 a
457 1803 549 1836 exsil
570 1806 647 1835 tout
669 1803 774 1844 ainsy
796 1805 947 1837 efireuX.

269 1862 311 1894 Je
332 1863 409 1894 suiz
432 1863 626 1902 d’amours,
649 1872 728 1894 com
749 1863 840 1893 ehilz
862 1863 924 1903 qui
946 1872 985 1894 sa
1009 1865 1110 1903 paste
1133 1874 1151 1893 a

268 1922 384 1954 Toute
402 1922 550 1963 pestrie,
570 1925 606 1954 et
626 1922 708 1965 puiz
730 1922 759 1953 si
783 1922 878 1953 chiet
898 1923 934 1962 ly
959 1922 1071 1961 sours,

271 1981 341 2014 Car
359 1982 490 2022 j’aime‚
510 1986 545 2013 et
562 1982 666 2022 point
681 1983 717 2023 je
737 1990 782 2013 ne
803 1982 850 2022 l'y
872 1982 954 2022 puiz
977 1982 1083 2021 celer⁷

269 2040 438 2074 Chascun
458 2042 490 2073 le
511 2045 587 2073 scet
609 2051 653 2073 en
672 2045 849 2074 trestoute
871 2050 917 2072 no
940 2050 1028 2079 rue;

270 2100 321 2133 Or
341 2105 510 2133 escoutez
527 2102 559 2132 le
581 2104 685 2142 grant
706 2102 771 2132 esu·
794 2101 839 2132 de
858 2110 918 2141 my
938 2110 944 2131 1

270 2160 412 2192 Devant
435 2170 474 2192 er
493 2161 579 2201 soir,
603 2170 659 2192 ma
680 2160 783 2191 dame
804 2160 884 2200 alay
905 2160 1019 2196 veoir,

271 2219 361 2251 Maiz
382 2220 481 2251 aussi
503 2223 575 2251 tost
597 2219 725 2260 qu'elle
746 2228 802 2250 me
823 2219 894 2250 vist
912 2218 1026 2256 venir,

270 2280 346 2313 Elle
366 2289 422 2312 me
443 2280 514 2311 dist
537 2289 543 2311 τ
567 2283 751 2318 retourne,
777 2288 821 2310 va
842 2282 877 2309 ta
900 2278 1021 2310 voie...
