1788 3055
724 238 932 275 —-‹57—

124 334 201 376 tur
236 329 370 388 quasi
406 328 642 388 appendix
685 328 913 386 quaedum
961 328 1036 373 uhi
1071 329 1166 386 Jam
1209 328 1332 375 dicta
1369 329 1532 388 paucis

126 412 281 459 verbis
307 412 534 470 recolligit
561 411 759 469 scriptor
786 416 829 456 et
857 411 1031 456 indicat
1060 411 1173 468 quid
1206 417 1446 469 sequatur.

194 496 361 541 Decem
390 499 502 540 sunt
529 494 678 552 capita
706 507 716 539 :

193 577 354 635 Capite
391 577 406 622 l
444 575 668 621 definitur
714 576 960 622 rhetorica.
1000 601 1059 609 -
1094 577 1298 622 scientia
1339 582 1409 622 est
1447 577 1536 623 ele-

128 664 290 719 ganter
315 664 359 705 et
386 659 622 718 sapienter
644 658 868 717 loquendi
888 659 947 704 ad
968 659 1349 718 persuadendum
1375 665 1420 706 et
1439 659 1534 706 dis-

129 741 444 788 suadendum.

195 825 306 884 Cap.
340 825 396 870 ΙΙ.
429 824 515 880 Qui
542 824 667 883 apud
692 829 869 871 veteres
898 824 1071 870 fuerint
1098 825 1356 871 rhetoricae
1381 829 1536 871 aucto-

131 906 240 954 res?
265 934 327 939 —
355 908 662 966 Hermagoras
700 920 801 953 eam
839 907 986 966 ipsam
1026 908 1230 957 invenit,
1262 908 1537 954 Aristoteles

131 991 256 1050 leges
285 991 463 1042 statuit,
491 1003 609 1049 quas
635 990 692 1036 de
719 1003 881 1049 graeca
907 991 1065 1049 lingua
1087 991 1134 1036 in
1164 991 1356 1037 latinam
1380 991 1537 1037 Cicero

133 1074 391 1120 transtulit.

197 1158 310 1216 Cap.
338 1157 416 1202 lll.
449 1158 575 1202 Duae
603 1163 714 1203 sunt
741 1163 894 1216 partes
918 1158 1191 1207 rhetoricae,
1217 1162 1268 1203 ut
1295 1169 1414 1215 quae
1442 1157 1538 1203 sive

133 1241 344 1287 oratione
365 1241 518 1286 soluta
540 1240 636 1286 sive
658 1253 791 1286 versu
816 1241 1020 1286 scribere
1042 1241 1221 1287 doceat.
1242 1242 1306 1286 De
1334 1240 1540 1286 secunda

135 1323 460 1370 tantummodo
497 1329 653 1382 parte,
690 1336 810 1381 quae
850 1323 907 1369 ad
946 1336 1106 1369 versus
1146 1323 1392 1383 fingendos
1428 1323 1536 1368 atti—

134 1413 238 1459 net⁷
277 1406 488 1452 dicturus
518 1406 859 1457 Infol‘tunatus‚
891 1406 1046 1465 operis
1077 1406 1148 1452 sui
1180 1406 1406 1452 rationem
1436 1405 1539 1451 des·

135 1489 289 1536 crihit.
1265 1532 1270 1537 .

200 1573 312 1632 Cap.
345 1573 416 1618 IV.
446 1574 632 1631 Septem
662 1573 818 1631 poesis
848 1573 956 1618 vitia
979 1572 1288 1625 definiuntur,
1322 1572 1498 1618 scilicet
1523 1589 1532 1618 :

141 1659 182 1701 *1⁰
201 1656 577 1714 Inaequahilium
594 1656 717 1701 iuter
734 1668 782 1702 se
801 1668 1016 1702 versuum
1042 1655 1318 1713 compositio
1343 1653 1543 1715 (Faulce

131 1739 445 1799 proportion).
476 1766 538 1771 —
569 1741 615 1784 20
646 1740 795 1798 inepti
841 1739 1166 1798 rhythmorum
1213 1739 1345 1789 soni,
1378 1738 1542 1796 quales

137 1829 248 1870 sunt
284 1823 491 1883 rhythmi
531 1824 694 1882 gallice
737 1822 792 1866 (Ze
837 1821 1196 1881 home-clamque
1238 1827 1282 1867 et
1318 1820 1372 1865 de
1413 1824 1545 1880 φονεύ

137 1906 248 1953 dieti
275 1904 552 1972 (Impofopre
574 1904 874 1965 consonance)
906 1904 990 1965 (l).
1021 1932 1082 1938 —
1112 1907 1158 1950 5⁰
1185 1906 1348 1963 Inepta
1372 1905 1544 1950 locutio

139 1987 410 2052 (Impropre
436 1987 670 2049 leontion).
698 2016 760 2021 ——
784 1991 830 2034 40
853 1988 1073 2046 Ejusdem
1103 1989 1226 2034 vocis
1251 1988 1296 2032 in
1327 1987 1422 2033 fine
1444 2000 1543 2034 ver-

138 2085 277 2119 suum
318 2073 500 2119 iteratio
539 2071 765 2133 (reddes),
796 2084 916 2130 quae
957 2072 1150 2117 omnino
1185 2071 1276 2116 alia
1304 2076 1374 2117 est
1408 2075 1549 2128 atque

139 2155 323 2202 iteratio
351 2168 377 2201 a
403 2155 548 2200 Gallis
575 2153 764 2214 reso-ain
792 2155 1042 2213 appellata.
1073 2180 1135 2185 —
1166 2156 1209 2199 50
1242 2153 1393 2198 Verba
1431 2165 1549 2198 nova

140 2251 197 2284 ex
224 2239 369 2284 latino
398 2238 634 2284 incautius
661 2243 922 2296 assumpta,
953 2238 1021 2283 vel
1050 2241 1284 2294 corrupta,
1312 2236 1380 2282 vel
1408 2235 1550 2280 nimis

141 2334 324 2380 aspera.
361 2348 422 2354 —
453 2323 498 2366 6⁰
523 2321 675 2367 Verha
708 2325 917 2366 contorte
951 2320 1203 2378 aequivoca
1236 2317 1552 2378 (Eqm'voques

142 2394 459 2464 contraihtes).
499 2431 555 2437 —
597 2406 642 2449 7ο
683 2406 856 2450 Pravus
886 2404 1115 2449 vocalium
1152 2414 1434 2455 concursuS,
1471 2402 1552 2459 qui

144 2487 198 2534 fit
223 2500 326 2534 cum
355 2487 507 2546 prima
532 2488 686 2534 littera
723 2487 934 2532 vocabuli
973 2485 1218 2544 cujusdam
1251 2484 1421 2530 vocalis
1451 2488 1550 2535 est,

190 2693 232 2734 (1)
401 2693 495 2725 C'est
520 2702 613 2733 pour
634 2693 685 2723 les
708 2701 843 2722 ruraux
867 2697 899 2722 ot
921 2691 1102 2726 lourdois‚

397 2752 468 2790 Qui
490 2753 619 2783 rimant
640 2753 764 2783 febres
783 2756 908 2782 contro
930 2751 1019 2791 pois.
