1788 3055
851 225 1088 265 —114-

262 320 484 378 Dieppae,
516 323 681 364 cantus
712 318 880 376 regalis
910 318 966 363 de
997 317 1243 362 Nativitate
1270 321 1315 362 et
1339 315 1674 375 Assumptione

261 402 431 448 Mariae
459 407 503 448 et
548 402 770 447 passione
800 401 971 446 Christi
1001 415 1010 450 ;
1052 400 1323 453 AmbianiS,
1355 399 1572 445 kalendis
1601 399 1671 457 ja-

261 486 468 538 nuariis‚
501 499 594 544 quo
633 486 744 530 anni
778 490 1011 543 tempore,
1045 483 1198 529 medio
1227 496 1361 536 aev0,
1393 496 1524 529 sacra
1550 483 1673 528 anti-

262 570 368 626 quis
400 568 708 627 religionibus
737 569 947 626 polluere
980 579 1079 612 mos
1114 572 1228 618 erat,
1261 567 1414 612 cantio
1443 566 1586 612 stulta
1617 566 1674 612 de

261 664 443 703 amore,
477 664 596 709 quae
624 651 787 709 gallice
819 666 840 692 «
876 653 987 694 sotte
1022 663 1298 694 amoureuse
1336 667 1354 689 »
1392 648 1670 701 vocabatur,

269 753 286 775 (ι
317 735 435 780 dans
459 735 661 793 laquelle
691 735 795 792 plus
818 734 848 779 il
871 747 898 792 y
920 747 945 778 a
968 733 1025 779 de
1047 737 1146 779 sots
1175 737 1295 779 mols
1318 737 1362 779 et
1387 732 1444 779 de
1466 732 1674 778 diverses

261 823 305 864 et
325 826 566 877 estranges
590 818 750 870 rimeS,
774 817 879 876 plus
902 817 1015 863 elles
1041 817 1221 867 valent;
1247 834 1264 857 ι)
1298 815 1573 870 Bethuniae,
1599 814 1675 862 die

261 901 498 947 dominica
527 906 632 960 post
668 901 790 947 diem
822 900 992 947 festum
1032 899 1240 959 corporis
1278 899 1481 952 Christi,
1512 903 1671 958 pasto-

262 985 393 1031 ralis.

328 1068 535 1113 Palmam
567 1067 743 1126 petenti
773 1079 867 1112 non
907 1066 1047 1113 modo
1093 1079 1189 1112 non
1231 1066 1398 1112 licebat
1439 1065 1497 1111 ab
1536 1077 1673 1125 argu-

262 1155 419 1197 mento
443 1150 641 1209 digredi,
662 1162 744 1196 seu
771 1150 978 1196 minutas
1001 1150 1262 1195 carminum
1288 1149 1462 1195 formas
1484 1161 1676 1208 quoquo

263 1233 402 1280 modo
438 1235 714 1286 immutare,
748 1233 830 1280 sed
867 1234 1006 1279 etiam
1046 1233 1334 1292 quibusnam
1369 1232 1520 1278 verbis
1556 1245 1673 1278 una-

263 1330 479 1377 quaeque
520 1318 743 1364 carminis
783 1317 978 1376 stropha
1014 1318 1226 1376 incipere
1263 1317 1455 1363 deberet
1496 1316 1674 1363 indice-

262 1401 402 1447 batur
435 1399 519 1461 (1).

327 1487 378 1530 In
425 1485 520 1530 illis
566 1490 720 1531 autem
773 1483 1137 1535 certaminibus,
1184 1495 1305 1542 quae
1354 1495 1524 1542 magno
1569 1495 1677 1530 con-

262 1581 400 1614 cursu
431 1567 814 1619 celebrabantur,
846 1566 988 1612 victor
1017 1579 1235 1612 coronam
1266 1566 1523 1625 accipiebat
1550 1570 1596 1612 et
1621 1577 1677 1613 ex

262 1664 315 1697 eo
366 1656 576 1710 tempore
622 1651 758 1696 claris
798 1650 947 1709 poetis
991 1649 1431 1710 adnumerabatur3
1469 1649 1679 1695 carmina

264 1735 402 1781 etiam
451 1747 571 1793 quae
617 1735 773 1793 palma
819 1733 961 1792 digna
1002 1732 1211 1791 judicata
1258 1737 1392 1779 erant
1435 1733 1483 1778 in
1528 1745 1674 1778 unum

264 1819 622 1878 colligebantur.
655 1819 771 1876 Spes
802 1830 908 1863 vero
938 1817 1147 1862 nominis
1176 1817 1240 1862 ita
1267 1815 1562 1876 adipiscendi
1597 1816 1679 1862 ho-

269 1903 419 1948 mines
455 1902 703 1947 mediocris
731 1902 801 1947 vel
831 1901 1010 1947 nullius
1041 1900 1218 1959 ingenii
1249 1900 1475 1947 incitabat
1502 1905 1553 1946 ut
1579 1912 1678 1946 ver-

265 1998 346 2031 sus
381 1985 660 2031 factitarent.
694 1984 828 2030 Unde
866 1983 917 2029 fit
958 1989 1006 2030 ut
1046 1996 1210 2029 omnes
1253 1982 1443 2042 poetae,
1481 1994 1589 2036 sen,
1629 1987 1679 2029 ut

267 2069 509 2128 scriptoris
546 2068 738 2114 verbum
779 2067 949 2114 rectius
989 2079 1166 2113 sonans
1208 2067 1433 2118 referam,
1474 2065 1678 2113 artifices

266 2152 366 2211 qui,
395 2158 618 2210 tanquam
651 2165 866 2211 magnam
900 2151 1067 2196 famam
1099 2151 1221 2197 inter
1248 2151 1470 2210 aequales
1498 2149 1675 2209 adepti,

268 2237 313 2281 in
355 2236 594 2294 prooemio
624 2234 868 2295 cujusdam
909 2234 1033 2280 Artis
1066 2234 1324 2280 rhetoricae
1354 2234 1674 2280 adnumeran-

266 2325 364 2371 tur,
396 2332 522 2365 nunc
550 2320 746 2365 omnino
776 2319 920 2377 ignoti
950 2319 1047 2364 sint
1075 2316 1158 2379 (2).

330 2403 429 2447 Non
470 2402 627 2448 minus
662 2407 803 2460 atque
832 2403 921 2448 ista
955 2401 1094 2460 podia
1123 2406 1412 2448 momentum
1449 2401 1673 2454 habuere,

265 2486 324 2532 ad
359 2491 567 2532 nostram
606 2487 815 2544 poesim,
855 2487 1091 2545 principes
1130 2484 1237 2544 ipsi.
1277 2485 1310 2530 li
1349 2485 1474 2530 enim
1515 2496 1677 2531 versus

307 2693 349 2733 (1)
372 2693 465 2724 Vide
488 2702 609 2733 supra,
630 2704 662 2733 p.
686 2694 736 2726 70.

305 2752 346 2792 (Q)
369 2752 472 2784 Gons.
498 2763 531 2793 p.
552 2753 602 2784 ⁶27.
