1788 3055
228 309 429 367 quadam
454 309 713 367 eademque
736 310 1004 367 antiquiore
1025 315 1241 368 excerpta
1266 309 1343 355 sit.
1368 310 1637 357 Verisimile

227 393 448 438 estetiam
471 392 515 436 in
536 392 647 437 locis
666 392 1050 450 septentrionalis
1068 392 1264 442 Galliae,
1286 393 1362 438 uhi
1380 393 1637 451 quotannis

228 474 325 520 ludi
364 475 527 533 poetici
567 475 942 526 celebrabantur,
979 474 1160 521 codices
1199 475 1345 521 fuisse
1383 476 1430 521 in
1464 475 1638 534 quihus

229 558 351 616 leges
381 563 422 603 et
450 558 733 615 exemplaria
762 557 1023 603 carminum
1054 558 1100 602 in
1126 558 1465 604 certaminibus
1493 559 1639 604 susci-

231 641 507 699 piendorum
534 646 831 687 servarentur
853 656 862 692 ;
883 646 1023 699 atque
1046 641 1134 686 hoc
1156 641 1270 686 mihi
1293 653 1346 687 eo
1368 640 1641 687 credibilius

231 723 413 769 videtur
437 723 563 782 quod
589 724 820 782 ejusmodi
848 724 1040 774 librum,
1068 737 1160 782 quo
1183 724 1401 770 Tolosani
1425 737 1451 769 a
1476 728 1642 782 quarto

232 807 411 853 decimo
441 808 627 853 saeculo
655 807 713 852 ad
738 807 924 866 florales
944 806 1071 851 ludos
1100 808 1171 853 usi
1199 813 1324 858 sunt,
1353 806 1493 854 etiam
1517 819 1644 853 nunc

232 891 479 936 hahemus.
513 891 627 949 Spes
658 891 798 949 igitur
836 891 951 936 mihi
991 897 1061 937 est
1099 891 1194 936 fore
1231 895 1281 936 nt
1311 891 1391 936 alii
1426 891 1642 950 hujusce-

234 973 359 1020 modi
390 973 537 1020 libelli
568 974 723 1019 adhuc
748 975 950 1020 latentes
978 974 1024 1019 in
1054 974 1203 1020 lucem
1232 975 1522 1020 emittantur.

299 1057 344 1103 Si
368 1057 463 1103 dixi
488 1057 739 1116 scriptores
765 1058 946 1103 Artium
978 1058 1252 1103 Rhetoricae
1280 1057 1571 1116 rhythmicae
1595 1057 1644 1102 in

233 1142 391 1187 animo
431 1141 656 1187 habuisse
692 1154 785 1187 non
819 1147 868 1187 ut
902 1146 1062 1200 poetas
1091 1146 1324 1192 crearent,
1362 1140 1444 1187 sed
1482 1146 1533 1187 ut
1566 1152 1645 1186 eos

235 1224 314 1282 qui
347 1237 372 1269 a
400 1230 565 1270 natura
594 1223 835 1283 ingenium
867 1224 1130 1282 acceperint
1158 1224 1356 1269 usitatos
1384 1223 1645 1269 carminum

236 1306 398 1353 modos
422 1307 660 1366 docerent,
681 1320 773 1353 non
797 1308 884 1353 hoc
902 1313 1058 1353 tamen
1081 1307 1382 1352 infitiandum
1406 1306 1642 1357 existimo,

235 1391 272 1436 si
303 1391 564 1436 accuratius
594 1391 864 1436 interiorem
891 1403 1050 1436 eorum
1083 1395 1284 1436 mentem
1312 1391 1544 1449 explores,
1567 1401 1646 1436 eos

235 1474 431 1519 artificio
470 1474 640 1518 nimias
672 1479 825 1532 partes
857 1474 1095 1519 tribuisse.
1128 1474 1288 1532 Neque
1316 1474 1454 1519 etiam
1483 1473 1647 1518 dubito

237 1558 351 1615 quin
382 1558 502 1603 inter
530 1570 608 1603 eos
639 1558 913 1615 praesertim
946 1557 1245 1607 recentiores,
1279 1557 1317 1602 si
1342 1557 1476 1602 Artes
1505 1555 1648 1614 poeti-

237 1653 330 1691 cas,
363 1641 504 1698 huJ'us
540 1640 730 1685 nomine
770 1652 872 1686 vere
907 1639 1090 1698 dignas,
1119 1639 1323 1685 scribere
1362 1639 1644 1690 voluissent,

239 1724 309 1769 vix
341 1724 625 1782 paucissima
653 1724 709 1768 iis
742 1735 862 1781 quae
890 1722 946 1768 de
976 1723 1205 1769 rhetorica
1241 1723 1533 1781 scripserunt
1559 1721 1642 1767 ad-

237 1805 345 1851 dere
381 1806 661 1864 potuissent.
694 1805 785 1851 Sed
813 1804 940 1863 quod
966 1805 1202 1857 fecerunt,
1236 1818 1329 1850 non
1359 1804 1472 1863 quid
1501 1804 1649 1850 facere

240 1889 496 1947 potuerint,
523 1888 702 1946 judico,

304 1972 544 2022 Attamen,
577 1984 678 2016 cuin
730 1971 1058 2030 fingendorum
1103 1972 1363 2017 carminum
1406 1972 1527 2031 leges
1563 1972 1652 2016 im-

242 2053 422 2099 modice
454 2065 649 2099 numero
678 2054 835 2112 augeri
868 2055 1027 2106 video,
1057 2068 1151 2100 non
1186 2067 1378 2113 possum
1415 2055 1529 2113 quin
1565 2054 1653 2101 hoe

245 2136 583 2194 praesentiam,
623 2137 717 2182 fore
758 2142 804 2182 ut
846 2138 963 2184 istae
1003 2138 1282 2196 scriptorum
1323 2138 1651 2197 cogitationem

245 2221 349 2278 plus
373 2220 500 2277 Justo
530 2225 781 2277 occupent,
815 2220 940 2266 haud
983 2221 1086 2266 sine
1115 2233 1281 2279 niagno
1310 2221 1651 2267 sententiarum

245 2303 555 2355 detrimento,
587 2304 945 2361 sententiaeque
980 2316 1144 2349 rursus
1171 2304 1425 2349 formarum
1457 2304 1654 2349 vinculis

247 2386 498 2444 impeditae
528 2398 621 2431 non
645 2387 739 2443 jain
775 2388 1108 2433 convenienter
1136 2387 1355 2445 explicari
1389 2388 1586 2445 possint.

313 2470 465 2523 Quare
506 2481 610 2513 vero
651 2475 811 2526 poetae
848 2475 1081 2515 nostrates
1115 2474 1259 2514 artem
1297 2469 1444 2527 pluris
1479 2469 1524 2514 in
1554 2469 1655 2515 dies

247 2550 474 2597 fecerint?
518 2553 637 2597 Sunt
681 2552 760 2610 qui
800 2552 1040 2611 ingenium
1077 2552 1264 2598 effetum
1301 2557 1497 2610 putent;
1539 2552 1653 2598 mihi

247 2646 353 2680 vero
391 2634 478 2679 hoc
513 2634 570 2681 de
610 2641 798 2688 natura,
831 2648 951 2694 quae
989 2648 1234 2694 nunquam
1274 2636 1499 2689 senescit,
1534 2648 1654 2695 quae

249 2716 409 2763 eadem
439 2730 623 2776 semper
654 2718 932 2766 liberalitate
963 2719 1008 2764 in
1038 2719 1254 2765 homines
1285 2718 1449 2773 utitur,
1484 2719 1652 2766 irreve-
