<?xml version="1.0" encoding="UTF-8"?>
<!DOCTYPE html PUBLIC "-//W3C//DTD XHTML 1.0 Transitional//EN"
    "http://www.w3.org/TR/xhtml1/DTD/xhtml1-transitional.dtd">
<html xmlns="http://www.w3.org/1999/xhtml" xml:lang="en" lang="en">
 <head>
  <title>
</title>
<meta http-equiv="Content-Type" content="text/html;charset=utf-8" />
  <meta name='ocr-system' content='tesseract 3.04.00' />
  <meta name='ocr-capabilities' content='ocr_page ocr_carea ocr_par ocr_line ocrx_word'/>
</head>
<body>
  <div class='ocr_page' id='page_1' title='image "./deartibusrhetori00languoft_0027.png"; bbox 0 0 1788 3055; ppageno 0'>
   <div class='ocr_carea' id='block_1_1' title="bbox 635 212 845 250">
    <p class='ocr_par' dir='ltr' id='par_1_1' title="bbox 635 212 845 250">
     <span class='ocr_line' id='line_1_1' title="bbox 635 212 845 250; baseline 0.005 -11"><span class='ocrx_word' id='word_1_1' title='bbox 635 212 845 250; x_wconf 74' lang='lat'>-17-</span> 
     </span>
    </p>
   </div>
   <div class='ocr_carea' id='block_1_2' title="bbox 36 302 1457 2688">
    <p class='ocr_par' dir='ltr' id='par_1_2' title="bbox 36 302 1444 611">
     <span class='ocr_line' id='line_1_2' title="bbox 102 302 1437 363; baseline -0.001 -11"><span class='ocrx_word' id='word_1_2' title='bbox 102 306 365 363; x_wconf 77' lang='lat' dir='ltr'>Utcumque</span> <span class='ocrx_word' id='word_1_3' title='bbox 401 315 474 350; x_wconf 89' lang='lat' dir='ltr'>res</span> <span class='ocrx_word' id='word_1_4' title='bbox 507 315 557 349; x_wconf 90' lang='lat' dir='ltr'>se</span> <span class='ocrx_word' id='word_1_5' title='bbox 588 304 745 355; x_wconf 89' lang='lat' dir='ltr'>habet,</span> <span class='ocrx_word' id='word_1_6' title='bbox 786 315 887 348; x_wconf 88' lang='lat' dir='ltr'>cum</span> <span class='ocrx_word' id='word_1_7' title='bbox 927 302 1092 349; x_wconf 90' lang='lat' dir='ltr'>ducem</span> <span class='ocrx_word' id='word_1_8' title='bbox 1129 303 1437 351; x_wconf 84' lang='lat' dir='ltr'>Aurelianen-</span> 
     </span>
     <span class='ocr_line' id='line_1_3' title="bbox 37 385 1439 438; baseline -0.002 -2"><span class='ocrx_word' id='word_1_9' title='bbox 37 401 134 436; x_wconf 91' lang='lat' dir='ltr'>sem</span> <span class='ocrx_word' id='word_1_10' title='bbox 167 399 292 434; x_wconf 88' lang='lat' dir='ltr'>anno</span> <span class='ocrx_word' id='word_1_11' title='bbox 322 388 460 438; x_wconf 75' lang='lat'><strong>1407,</strong></span> <span class='ocrx_word' id='word_1_12' title='bbox 486 399 564 431; x_wconf 83' lang='lat' dir='ltr'>vn1</span> <span class='ocrx_word' id='word_1_13' title='bbox 592 385 819 432; x_wconf 80' lang='lat' dir='ltr'>kalendas</span> <span class='ocrx_word' id='word_1_14' title='bbox 848 386 1127 437; x_wconf 77' lang='lat' dir='ltr'>decembris,</span> <span class='ocrx_word' id='word_1_15' title='bbox 1160 387 1439 433; x_wconf 85' lang='lat' dir='ltr'>trucidatum</span> 
     </span>
     <span class='ocr_line' id='line_1_4' title="bbox 36 469 1444 528; baseline -0.002 -10"><span class='ocrx_word' id='word_1_16' title='bbox 36 483 141 518; x_wconf 89' lang='lat' dir='ltr'>esse</span> <span class='ocrx_word' id='word_1_17' title='bbox 177 475 465 528; x_wconf 89' lang='lat' dir='ltr'>compertum</span> <span class='ocrx_word' id='word_1_18' title='bbox 512 469 589 521; x_wconf 87' lang='lat' dir='ltr'>sit,</span> <span class='ocrx_word' id='word_1_19' title='bbox 631 469 737 527; x_wconf 86' lang='lat' dir='ltr'>quis</span> <span class='ocrx_word' id='word_1_20' title='bbox 771 474 840 514; x_wconf 90' lang='lat' dir='ltr'>est</span> <span class='ocrx_word' id='word_1_21' title='bbox 868 469 945 527; x_wconf 86' lang='lat' dir='ltr'>qni</span> <span class='ocrx_word' id='word_1_22' title='bbox 978 469 1161 515; x_wconf 83' lang='lat' dir='ltr'>dubitet</span> <span class='ocrx_word' id='word_1_23' title='bbox 1193 469 1306 527; x_wconf 81' lang='lat' dir='ltr'>quin</span> <span class='ocrx_word' id='word_1_24' title='bbox 1336 475 1444 515; x_wconf 87' lang='lat' dir='ltr'>ante</span> 
     </span>
     <span class='ocr_line' id='line_1_5' title="bbox 37 551 1166 611; baseline -0.004 -10"><span class='ocrx_word' id='word_1_25' title='bbox 37 555 159 601; x_wconf 85' lang='lat' dir='ltr'>hanc</span> <span class='ocrx_word' id='word_1_26' title='bbox 197 553 320 599; x_wconf 88' lang='lat' dir='ltr'>diem</span> <span class='ocrx_word' id='word_1_27' title='bbox 357 552 634 611; x_wconf 76' lang='lat' dir='ltr'>Archilogus</span> <span class='ocrx_word' id='word_1_28' title='bbox 673 552 878 610; x_wconf 80' lang='lat' dir='ltr'>Sophiae</span> <span class='ocrx_word' id='word_1_29' title='bbox 907 551 1166 598; x_wconf 84' lang='lat' dir='ltr'>exstiterit?</span> 
     </span>
    </p>

    <p class='ocr_par' dir='ltr' id='par_1_3' title="bbox 36 635 1451 1677">
     <span class='ocr_line' id='line_1_6' title="bbox 102 635 1441 694; baseline -0.001 -12"><span class='ocrx_word' id='word_1_30' title='bbox 102 637 261 682; x_wconf 82' lang='lat' dir='ltr'>Priora</span> <span class='ocrx_word' id='word_1_31' title='bbox 288 635 444 694; x_wconf 88' lang='lat' dir='ltr'>operis</span> <span class='ocrx_word' id='word_1_32' title='bbox 474 635 547 680; x_wconf 91' lang='lat' dir='ltr'>sui</span> <span class='ocrx_word' id='word_1_33' title='bbox 576 635 715 682; x_wconf 87' lang='lat' dir='ltr'>verba</span> <span class='ocrx_word' id='word_1_34' title='bbox 743 647 767 680; x_wconf 93' lang='lat' dir='ltr'>a</span> <span class='ocrx_word' id='word_1_35' title='bbox 794 635 985 683; x_wconf 83' lang='lat' dir='ltr'>Jacobo,</span> <span class='ocrx_word' id='word_1_36' title='bbox 1018 647 1121 680; x_wconf 90' lang='lat' dir='ltr'>cum</span> <span class='ocrx_word' id='word_1_37' title='bbox 1152 635 1441 686; x_wconf 82' lang='lat' dir='ltr'>transferret,</span> 
     </span>
     <span class='ocr_line' id='line_1_7' title="bbox 37 717 1442 777; baseline -0.002 -11"><span class='ocrx_word' id='word_1_38' title='bbox 37 724 215 766; x_wconf 87' lang='lat' dir='ltr'>mutata</span> <span class='ocrx_word' id='word_1_39' title='bbox 254 730 358 765; x_wconf 89' lang='lat' dir='ltr'>esse</span> <span class='ocrx_word' id='word_1_40' title='bbox 390 719 487 777; x_wconf 89' lang='lat' dir='ltr'>jam</span> <span class='ocrx_word' id='word_1_41' title='bbox 527 718 736 770; x_wconf 90' lang='lat' dir='ltr'>asserui,</span> <span class='ocrx_word' id='word_1_42' title='bbox 776 717 903 775; x_wconf 87' lang='lat' dir='ltr'>quod</span> <span class='ocrx_word' id='word_1_43' title='bbox 951 717 1008 763; x_wconf 94' lang='lat' dir='ltr'>de</span> <span class='ocrx_word' id='word_1_44' title='bbox 1048 718 1134 763; x_wconf 90' lang='lat' dir='ltr'>hoc</span> <span class='ocrx_word' id='word_1_45' title='bbox 1170 718 1442 776; x_wconf 88' lang='lat' dir='ltr'>praesertim</span> 
     </span>
     <span class='ocr_line' id='line_1_8' title="bbox 37 800 1445 861; baseline -0.002 -12"><span class='ocrx_word' id='word_1_46' title='bbox 37 803 157 849; x_wconf 89' lang='lat' dir='ltr'>libro</span> <span class='ocrx_word' id='word_1_47' title='bbox 185 802 276 849; x_wconf 90' lang='lat' dir='ltr'>dici</span> <span class='ocrx_word' id='word_1_48' title='bbox 304 806 460 861; x_wconf 87' lang='lat' dir='ltr'>potest</span> <span class='ocrx_word' id='word_1_49' title='bbox 486 801 534 846; x_wconf 95' lang='lat' dir='ltr'>in</span> <span class='ocrx_word' id='word_1_50' title='bbox 559 813 652 859; x_wconf 85' lang='lat' dir='ltr'>quo</span> <span class='ocrx_word' id='word_1_51' title='bbox 680 800 737 846; x_wconf 93' lang='lat' dir='ltr'>de</span> <span class='ocrx_word' id='word_1_52' title='bbox 759 806 937 859; x_wconf 88' lang='lat' dir='ltr'>septem</span> <span class='ocrx_word' id='word_1_53' title='bbox 962 800 1237 846; x_wconf 74' lang='lat' dir='ltr'>liberalibus</span> <span class='ocrx_word' id='word_1_54' title='bbox 1265 800 1445 846; x_wconf 88' lang='lat' dir='ltr'>artibus</span> 
     </span>
     <span class='ocr_line' id='line_1_9' title="bbox 36 883 1445 945; baseline -0.002 -13"><span class='ocrx_word' id='word_1_55' title='bbox 36 886 216 945; x_wconf 83' lang='lat' dir='ltr'>agitur:</span> <span class='ocrx_word' id='word_1_56' title='bbox 270 885 336 930; x_wconf 88' lang='lat' dir='ltr'>ibi</span> <span class='ocrx_word' id='word_1_57' title='bbox 384 884 509 931; x_wconf 92' lang='lat' dir='ltr'>enim</span> <span class='ocrx_word' id='word_1_58' title='bbox 562 885 709 929; x_wconf 89' lang='lat' dir='ltr'>multa</span> <span class='ocrx_word' id='word_1_59' title='bbox 756 884 959 942; x_wconf 83' lang='lat' dir='ltr'>reperias</span> <span class='ocrx_word' id='word_1_60' title='bbox 1004 883 1193 936; x_wconf 88' lang='lat' dir='ltr'>addita;</span> <span class='ocrx_word' id='word_1_61' title='bbox 1243 883 1445 942; x_wconf 85' lang='lat' dir='ltr'>capitulo</span> 
     </span>
     <span class='ocr_line' id='line_1_10' title="bbox 37 966 1447 1026; baseline -0.004 -10"><span class='ocrx_word' id='word_1_62' title='bbox 37 969 177 1016; x_wconf 87' lang='lat' dir='ltr'>etiam</span> <span class='ocrx_word' id='word_1_63' title='bbox 192 969 249 1016; x_wconf 85' lang='lat' dir='ltr'>de</span> <span class='ocrx_word' id='word_1_64' title='bbox 264 968 507 1014; x_wconf 83' lang='lat' dir='ltr'>Rhetorica</span> <span class='ocrx_word' id='word_1_65' title='bbox 524 980 695 1014; x_wconf 89' lang='lat' dir='ltr'>novum</span> <span class='ocrx_word' id='word_1_66' title='bbox 707 967 902 1013; x_wconf 90' lang='lat' dir='ltr'>accessit</span> <span class='ocrx_word' id='word_1_67' title='bbox 916 967 1171 1025; x_wconf 89' lang='lat' dir='ltr'>capitulum</span> <span class='ocrx_word' id='word_1_68' title='bbox 1183 966 1254 1011; x_wconf 81' lang='lat' dir='ltr'>De</span> <span class='ocrx_word' id='word_1_69' title='bbox 1265 966 1447 1026; x_wconf 69' lang='lat' dir='ltr'>Rlzytlt-</span> 
     </span>
     <span class='ocr_line' id='line_1_11' title="bbox 36 1049 1447 1112; baseline 0.001 -16"><span class='ocrx_word' id='word_1_70' title='bbox 36 1051 125 1096; x_wconf 77' lang='lat' dir='ltr'>mis</span> <span class='ocrx_word' id='word_1_71' title='bbox 164 1055 203 1096; x_wconf 78' lang='lat' dir='ltr'>et</span> <span class='ocrx_word' id='word_1_72' title='bbox 240 1049 400 1112; x_wconf 78' lang='lat' dir='ltr'>quibus</span> <span class='ocrx_word' id='word_1_73' title='bbox 442 1064 502 1095; x_wconf 72' lang='lat' dir='ltr'>em</span> <span class='ocrx_word' id='word_1_74' title='bbox 548 1049 720 1109; x_wconf 68' lang='lat' dir='ltr'>leyz‘bus</span> <span class='ocrx_word' id='word_1_75' title='bbox 758 1051 847 1094; x_wconf 74' lang='lat' dir='ltr'>sint</span> <span class='ocrx_word' id='word_1_76' title='bbox 884 1050 1209 1103; x_wconf 65' lang='lat' dir='ltr'>constituendi,</span> <span class='ocrx_word' id='word_1_77' title='bbox 1259 1052 1307 1096; x_wconf 88' lang='lat' dir='ltr'>in</span> <span class='ocrx_word' id='word_1_78' title='bbox 1355 1063 1447 1109; x_wconf 87' lang='lat' dir='ltr'>quo</span> 
     </span>
     <span class='ocr_line' id='line_1_12' title="bbox 38 1132 1450 1194; baseline 0 -14"><span class='ocrx_word' id='word_1_79' title='bbox 38 1134 336 1194; x_wconf 79' lang='lat' dir='ltr'>peculiariter</span> <span class='ocrx_word' id='word_1_80' title='bbox 372 1133 429 1180; x_wconf 91' lang='lat' dir='ltr'>de</span> <span class='ocrx_word' id='word_1_81' title='bbox 477 1132 819 1179; x_wconf 87' lang='lat' dir='ltr'>versificatione</span> <span class='ocrx_word' id='word_1_82' title='bbox 857 1133 1090 1191; x_wconf 91' lang='lat' dir='ltr'>loquitur,</span> <span class='ocrx_word' id='word_1_83' title='bbox 1136 1146 1276 1192; x_wconf 89' lang='lat' dir='ltr'>quam</span> <span class='ocrx_word' id='word_1_84' title='bbox 1329 1134 1450 1180; x_wconf 88' lang='lat' dir='ltr'>sicut</span> 
     </span>
     <span class='ocr_line' id='line_1_13' title="bbox 39 1215 1448 1274; baseline 0 -13"><span class='ocrx_word' id='word_1_85' title='bbox 39 1228 187 1261; x_wconf 91' lang='lat' dir='ltr'>unum</span> <span class='ocrx_word' id='word_1_86' title='bbox 226 1227 280 1261; x_wconf 85' lang='lat' dir='ltr'>ex</span> <span class='ocrx_word' id='word_1_87' title='bbox 318 1215 577 1261; x_wconf 88' lang='lat' dir='ltr'>rhetoricae</span> <span class='ocrx_word' id='word_1_88' title='bbox 614 1215 861 1261; x_wconf 89' lang='lat' dir='ltr'>ornatibus</span> <span class='ocrx_word' id='word_1_89' title='bbox 897 1215 1061 1267; x_wconf 89' lang='lat' dir='ltr'>habet,</span> <span class='ocrx_word' id='word_1_90' title='bbox 1103 1228 1301 1274; x_wconf 87' lang='lat' dir='ltr'>eamque</span> <span class='ocrx_word' id='word_1_91' title='bbox 1333 1217 1448 1262; x_wconf 89' lang='lat' dir='ltr'>tanti</span> 
     </span>
     <span class='ocr_line' id='line_1_14' title="bbox 39 1298 1450 1357; baseline 0.001 -12"><span class='ocrx_word' id='word_1_92' title='bbox 39 1299 263 1345; x_wconf 87' lang='lat' dir='ltr'>momenti</span> <span class='ocrx_word' id='word_1_93' title='bbox 295 1299 534 1344; x_wconf 81' lang='lat' dir='ltr'>existimat</span> <span class='ocrx_word' id='word_1_94' title='bbox 559 1303 611 1344; x_wconf 88' lang='lat' dir='ltr'>ut</span> <span class='ocrx_word' id='word_1_95' title='bbox 637 1298 679 1344; x_wconf 91' lang='lat' dir='ltr'>ei</span> <span class='ocrx_word' id='word_1_96' title='bbox 712 1299 963 1357; x_wconf 88' lang='lat' dir='ltr'>separatim</span> <span class='ocrx_word' id='word_1_97' title='bbox 994 1299 1180 1346; x_wconf 85' lang='lat' dir='ltr'>studeat</span> <span class='ocrx_word' id='word_1_98' title='bbox 1216 1315 1225 1344; x_wconf 93' lang='lat'>:</span> <span class='ocrx_word' id='word_1_99' title='bbox 1266 1317 1284 1340; x_wconf 71' lang='grc' dir='ltr'>α</span> <span class='ocrx_word' id='word_1_100' title='bbox 1320 1300 1450 1346; x_wconf 90' lang='lat' dir='ltr'>Rime</span> 
     </span>
     <span class='ocr_line' id='line_1_15' title="bbox 40 1381 1446 1441; baseline 0.004 -13"><span class='ocrx_word' id='word_1_101' title='bbox 40 1388 151 1441; x_wconf 90' lang='lat' dir='ltr'>puet</span> <span class='ocrx_word' id='word_1_102' title='bbox 171 1387 292 1428; x_wconf 88' lang='lat' dir='ltr'>estre</span> <span class='ocrx_word' id='word_1_103' title='bbox 320 1381 549 1428; x_wconf 88' lang='lat' dir='ltr'>nombree</span> <span class='ocrx_word' id='word_1_104' title='bbox 573 1386 703 1427; x_wconf 87' lang='lat' dir='ltr'>entre</span> <span class='ocrx_word' id='word_1_105' title='bbox 731 1383 798 1428; x_wconf 92' lang='lat' dir='ltr'>les</span> <span class='ocrx_word' id='word_1_106' title='bbox 821 1383 1037 1428; x_wconf 88' lang='lat' dir='ltr'>coulenrs</span> <span class='ocrx_word' id='word_1_107' title='bbox 1066 1382 1122 1428; x_wconf 92' lang='lat' dir='ltr'>de</span> <span class='ocrx_word' id='word_1_108' title='bbox 1149 1383 1446 1441; x_wconf 88' lang='lat' dir='ltr'>rhetorique;</span> 
     </span>
     <span class='ocr_line' id='line_1_16' title="bbox 40 1464 1451 1524; baseline 0 -14"><span class='ocrx_word' id='word_1_109' title='bbox 40 1464 260 1511; x_wconf 82' lang='lat' dir='ltr'>toutefois</span> <span class='ocrx_word' id='word_1_110' title='bbox 298 1465 344 1522; x_wconf 83' lang='lat' dir='ltr'>J&#39;e</span> <span class='ocrx_word' id='word_1_111' title='bbox 382 1465 473 1523; x_wconf 85' lang='lat' dir='ltr'>l’ay</span> <span class='ocrx_word' id='word_1_112' title='bbox 510 1477 719 1523; x_wconf 88' lang='lat' dir='ltr'>separee,</span> <span class='ocrx_word' id='word_1_113' title='bbox 763 1477 943 1510; x_wconf 88' lang='lat' dir='ltr'>comme</span> <span class='ocrx_word' id='word_1_114' title='bbox 978 1466 1090 1511; x_wconf 85' lang='lat' dir='ltr'>celle</span> <span class='ocrx_word' id='word_1_115' title='bbox 1129 1466 1208 1523; x_wconf 88' lang='lat' dir='ltr'>qui</span> <span class='ocrx_word' id='word_1_116' title='bbox 1245 1466 1451 1524; x_wconf 82' lang='lat' dir='ltr'>requiert</span> 
     </span>
     <span class='ocr_line' id='line_1_17' title="bbox 41 1547 1450 1608; baseline 0.001 -15"><span class='ocrx_word' id='word_1_117' title='bbox 41 1548 147 1606; x_wconf 91' lang='lat' dir='ltr'>plus</span> <span class='ocrx_word' id='word_1_118' title='bbox 168 1547 343 1607; x_wconf 83' lang='lat' dir='ltr'>grande</span> <span class='ocrx_word' id='word_1_119' title='bbox 364 1548 653 1606; x_wconf 84' lang='lat' dir='ltr'>exposicion‚</span> <span class='ocrx_word' id='word_1_120' title='bbox 680 1561 755 1594; x_wconf 90' lang='lat' dir='ltr'>car</span> <span class='ocrx_word' id='word_1_121' title='bbox 777 1549 918 1595; x_wconf 90' lang='lat' dir='ltr'>rimes</span> <span class='ocrx_word' id='word_1_122' title='bbox 941 1562 990 1595; x_wconf 89' lang='lat' dir='ltr'>se</span> <span class='ocrx_word' id='word_1_123' title='bbox 1013 1549 1112 1595; x_wconf 83' lang='lat' dir='ltr'>font</span> <span class='ocrx_word' id='word_1_124' title='bbox 1132 1562 1189 1595; x_wconf 93' lang='lat' dir='ltr'>en</span> <span class='ocrx_word' id='word_1_125' title='bbox 1216 1550 1450 1608; x_wconf 87' lang='lat' dir='ltr'>plusieurs</span> 
     </span>
     <span class='ocr_line' id='line_1_18' title="bbox 41 1630 650 1677; baseline -0.007 0"><span class='ocrx_word' id='word_1_126' title='bbox 41 1635 86 1677; x_wconf 93' lang='lat' dir='ltr'>et</span> <span class='ocrx_word' id='word_1_127' title='bbox 113 1630 321 1677; x_wconf 89' lang='lat' dir='ltr'>diverses</span> <span class='ocrx_word' id='word_1_128' title='bbox 346 1631 596 1677; x_wconf 85' lang='lat' dir='ltr'>manieres.</span> <span class='ocrx_word' id='word_1_129' title='bbox 631 1649 650 1671; x_wconf 85' lang='grc'>»</span> 
     </span>
    </p>

    <p class='ocr_par' dir='ltr' id='par_1_4' title="bbox 43 1715 1454 2509">
     <span class='ocr_line' id='line_1_19' title="bbox 106 1715 1452 1775; baseline 0.001 -15"><span class='ocrx_word' id='word_1_130' title='bbox 106 1715 205 1761; x_wconf 92' lang='lat' dir='ltr'>Non</span> <span class='ocrx_word' id='word_1_131' title='bbox 226 1719 380 1761; x_wconf 91' lang='lat' dir='ltr'>autem</span> <span class='ocrx_word' id='word_1_132' title='bbox 401 1727 506 1760; x_wconf 84' lang='lat' dir='ltr'>vere</span> <span class='ocrx_word' id='word_1_133' title='bbox 522 1719 658 1773; x_wconf 87' lang='lat' dir='ltr'>poeta</span> <span class='ocrx_word' id='word_1_134' title='bbox 674 1715 972 1761; x_wconf 84' lang='lat' dir='ltr'>fuitJacobus</span> <span class='ocrx_word' id='word_1_135' title='bbox 988 1717 1199 1775; x_wconf 48' lang='lat' dir='ltr'>Magnus</span> <span class='ocrx_word' id='word_1_136' title='bbox 1217 1716 1295 1774; x_wconf 85' lang='lat' dir='ltr'>qui</span> <span class='ocrx_word' id='word_1_137' title='bbox 1316 1717 1452 1762; x_wconf 90' lang='lat' dir='ltr'>versi-</span> 
     </span>
     <span class='ocr_line' id='line_1_20' title="bbox 43 1797 1450 1858; baseline 0 -14"><span class='ocrx_word' id='word_1_138' title='bbox 43 1798 132 1844; x_wconf 86' lang='lat' dir='ltr'>bus</span> <span class='ocrx_word' id='word_1_139' title='bbox 154 1797 425 1857; x_wconf 7' lang='lat' dir='ltr'>nihilssaliud</span> <span class='ocrx_word' id='word_1_140' title='bbox 448 1798 764 1856; x_wconf 88' lang='lat' dir='ltr'>composuerit</span> <span class='ocrx_word' id='word_1_141' title='bbox 786 1811 924 1856; x_wconf 88' lang='lat' dir='ltr'>quarn</span> <span class='ocrx_word' id='word_1_142' title='bbox 957 1799 1199 1858; x_wconf 81' lang='lat' dir='ltr'>prologum</span> <span class='ocrx_word' id='word_1_143' title='bbox 1222 1805 1266 1845; x_wconf 86' lang='lat' dir='ltr'>et</span> <span class='ocrx_word' id='word_1_144' title='bbox 1290 1799 1450 1845; x_wconf 88' lang='lat' dir='ltr'>titulos</span> 
     </span>
     <span class='ocr_line' id='line_1_21' title="bbox 45 1880 1452 1940; baseline 0.001 -14"><span class='ocrx_word' id='word_1_145' title='bbox 45 1881 126 1939; x_wconf 86' lang='lat' dir='ltr'>qui</span> <span class='ocrx_word' id='word_1_146' title='bbox 150 1880 385 1939; x_wconf 84' lang='lat' dir='ltr'>Archilogi</span> <span class='ocrx_word' id='word_1_147' title='bbox 416 1881 620 1939; x_wconf 90' lang='lat' dir='ltr'>Sophiae</span> <span class='ocrx_word' id='word_1_148' title='bbox 647 1881 864 1940; x_wconf 91' lang='lat' dir='ltr'>capitulis</span> <span class='ocrx_word' id='word_1_149' title='bbox 892 1882 1230 1928; x_wconf 87' lang='lat' dir='ltr'>inscribuntur.</span> <span class='ocrx_word' id='word_1_150' title='bbox 1259 1884 1322 1928; x_wconf 92' lang='lat' dir='ltr'>De</span> <span class='ocrx_word' id='word_1_151' title='bbox 1356 1895 1452 1928; x_wconf 78' lang='lat' dir='ltr'>ver-</span> 
     </span>
     <span class='ocr_line' id='line_1_22' title="bbox 45 1963 1449 2023; baseline 0.001 -14"><span class='ocrx_word' id='word_1_152' title='bbox 45 1963 306 2009; x_wconf 79' lang='lat' dir='ltr'>sificatione</span> <span class='ocrx_word' id='word_1_153' title='bbox 326 1963 463 2009; x_wconf 86' lang='lat' dir='ltr'>etiam</span> <span class='ocrx_word' id='word_1_154' title='bbox 493 1964 610 2022; x_wconf 89' lang='lat' dir='ltr'>quid</span> <span class='ocrx_word' id='word_1_155' title='bbox 635 1964 736 2023; x_wconf 87' lang='lat' dir='ltr'>ipse</span> <span class='ocrx_word' id='word_1_156' title='bbox 758 1965 977 2023; x_wconf 86' lang='lat' dir='ltr'>opinetur</span> <span class='ocrx_word' id='word_1_157' title='bbox 1002 1967 1226 2016; x_wconf 86' lang='lat' dir='ltr'>incertus,</span> <span class='ocrx_word' id='word_1_158' title='bbox 1251 1967 1449 2011; x_wconf 89' lang='lat' dir='ltr'>aliorum</span> 
     </span>
     <span class='ocr_line' id='line_1_23' title="bbox 45 2046 1448 2106; baseline 0.002 -15"><span class='ocrx_word' id='word_1_159' title='bbox 45 2047 259 2105; x_wconf 91' lang='lat' dir='ltr'>opinioni</span> <span class='ocrx_word' id='word_1_160' title='bbox 285 2046 481 2093; x_wconf 88' lang='lat' dir='ltr'>insistit.</span> <span class='ocrx_word' id='word_1_161' title='bbox 514 2048 613 2102; x_wconf 89' lang='lat' dir='ltr'>Quo</span> <span class='ocrx_word' id='word_1_162' title='bbox 643 2049 792 2106; x_wconf 82' lang='lat' dir='ltr'>major</span> <span class='ocrx_word' id='word_1_163' title='bbox 818 2049 886 2093; x_wconf 89' lang='lat' dir='ltr'>illi</span> <span class='ocrx_word' id='word_1_164' title='bbox 918 2048 1034 2094; x_wconf 86' lang='lat' dir='ltr'>fides</span> <span class='ocrx_word' id='word_1_165' title='bbox 1062 2049 1333 2095; x_wconf 87' lang='lat' dir='ltr'>adhibenda</span> <span class='ocrx_word' id='word_1_166' title='bbox 1361 2054 1448 2100; x_wconf 88' lang='lat' dir='ltr'>est,</span> 
     </span>
     <span class='ocr_line' id='line_1_24' title="bbox 46 2129 1452 2190; baseline 0.002 -16"><span class='ocrx_word' id='word_1_167' title='bbox 46 2141 276 2188; x_wconf 87' lang='lat' dir='ltr'>namque,</span> <span class='ocrx_word' id='word_1_168' title='bbox 316 2129 396 2175; x_wconf 90' lang='lat' dir='ltr'>ubi</span> <span class='ocrx_word' id='word_1_169' title='bbox 434 2130 556 2176; x_wconf 88' lang='lat' dir='ltr'>inter</span> <span class='ocrx_word' id='word_1_170' title='bbox 595 2143 643 2176; x_wconf 82' lang='lat' dir='ltr'>se</span> <span class='ocrx_word' id='word_1_171' title='bbox 685 2130 954 2190; x_wconf 86' lang='lat' dir='ltr'>discrepant</span> <span class='ocrx_word' id='word_1_172' title='bbox 998 2132 1281 2184; x_wconf 85' lang='lat' dir='ltr'>sententiae,</span> <span class='ocrx_word' id='word_1_173' title='bbox 1323 2133 1452 2178; x_wconf 89' lang='lat' dir='ltr'>illam</span> 
     </span>
     <span class='ocr_line' id='line_1_25' title="bbox 46 2212 1454 2271; baseline 0.003 -14"><span class='ocrx_word' id='word_1_174' title='bbox 46 2212 213 2271; x_wconf 85' lang='lat' dir='ltr'>accipit</span> <span class='ocrx_word' id='word_1_175' title='bbox 244 2213 317 2258; x_wconf 88' lang='lat' dir='ltr'>cui</span> <span class='ocrx_word' id='word_1_176' title='bbox 343 2213 535 2271; x_wconf 90' lang='lat' dir='ltr'>plurimi</span> <span class='ocrx_word' id='word_1_177' title='bbox 564 2214 906 2260; x_wconf 88' lang='lat' dir='ltr'>assentiuntur.</span> <span class='ocrx_word' id='word_1_178' title='bbox 934 2215 978 2260; x_wconf 92' lang='lat' dir='ltr'>Si</span> <span class='ocrx_word' id='word_1_179' title='bbox 1010 2227 1116 2261; x_wconf 88' lang='lat' dir='ltr'>vero</span> <span class='ocrx_word' id='word_1_180' title='bbox 1142 2216 1314 2261; x_wconf 89' lang='lat' dir='ltr'>alicubi</span> <span class='ocrx_word' id='word_1_181' title='bbox 1337 2215 1454 2261; x_wconf 87' lang='lat' dir='ltr'>duas</span> 
     </span>
     <span class='ocr_line' id='line_1_26' title="bbox 49 2296 1453 2357; baseline 0.002 -16"><span class='ocrx_word' id='word_1_182' title='bbox 49 2296 308 2342; x_wconf 85' lang='lat' dir='ltr'>sententias</span> <span class='ocrx_word' id='word_1_183' title='bbox 349 2297 472 2343; x_wconf 87' lang='lat' dir='ltr'>inter</span> <span class='ocrx_word' id='word_1_184' title='bbox 509 2309 559 2344; x_wconf 94' lang='lat' dir='ltr'>se</span> <span class='ocrx_word' id='word_1_185' title='bbox 596 2304 912 2357; x_wconf 86' lang='lat' dir='ltr'>repugnantes</span> <span class='ocrx_word' id='word_1_186' title='bbox 959 2299 1016 2344; x_wconf 90' lang='lat' dir='ltr'>de</span> <span class='ocrx_word' id='word_1_187' title='bbox 1060 2299 1279 2345; x_wconf 87' lang='lat' dir='ltr'>elidenda</span> <span class='ocrx_word' id='word_1_188' title='bbox 1319 2299 1453 2344; x_wconf 84' lang='lat' dir='ltr'>femi-</span> 
     </span>
     <span class='ocr_line' id='line_1_27' title="bbox 50 2378 1452 2438; baseline 0.002 -15"><span class='ocrx_word' id='word_1_189' title='bbox 50 2378 165 2424; x_wconf 86' lang='lat' dir='ltr'>nina</span> <span class='ocrx_word' id='word_1_190' title='bbox 198 2393 221 2423; x_wconf 84' lang='lat' dir='ltr'>e</span> <span class='ocrx_word' id='word_1_191' title='bbox 251 2379 420 2433; x_wconf 87' lang='lat' dir='ltr'>tradit,</span> <span class='ocrx_word' id='word_1_192' title='bbox 450 2386 631 2438; x_wconf 83' lang='lat' dir='ltr'>postea,</span> <span class='ocrx_word' id='word_1_193' title='bbox 657 2381 822 2438; x_wconf 87' lang='lat' dir='ltr'>quanti</span> <span class='ocrx_word' id='word_1_194' title='bbox 847 2380 983 2438; x_wconf 87' lang='lat' dir='ltr'>pretii</span> <span class='ocrx_word' id='word_1_195' title='bbox 1014 2381 1073 2427; x_wconf 88' lang='lat' dir='ltr'>sit</span> <span class='ocrx_word' id='word_1_196' title='bbox 1101 2381 1237 2427; x_wconf 92' lang='lat' dir='ltr'>nobis</span> <span class='ocrx_word' id='word_1_197' title='bbox 1267 2381 1452 2427; x_wconf 92' lang='lat' dir='ltr'>dissen-</span> 
     </span>
     <span class='ocr_line' id='line_1_28' title="bbox 51 2460 913 2509; baseline 0.002 -2"><span class='ocrx_word' id='word_1_198' title='bbox 51 2460 233 2508; x_wconf 88' lang='lat' dir='ltr'>sionem</span> <span class='ocrx_word' id='word_1_199' title='bbox 263 2462 384 2508; x_wconf 89' lang='lat' dir='ltr'>hanc</span> <span class='ocrx_word' id='word_1_200' title='bbox 410 2463 599 2509; x_wconf 89' lang='lat' dir='ltr'>novisse</span> <span class='ocrx_word' id='word_1_201' title='bbox 629 2463 913 2509; x_wconf 73' lang='lat' dir='ltr'>videbimus,</span> 
     </span>
    </p>

    <p class='ocr_par' dir='ltr' id='par_1_5' title="bbox 53 2544 1457 2688">
     <span class='ocr_line' id='line_1_29' title="bbox 117 2544 1457 2606; baseline 0.001 -16"><span class='ocrx_word' id='word_1_202' title='bbox 117 2544 206 2591; x_wconf 92' lang='lat' dir='ltr'>Sed</span> <span class='ocrx_word' id='word_1_203' title='bbox 237 2545 333 2604; x_wconf 88' lang='lat' dir='ltr'>jam</span> <span class='ocrx_word' id='word_1_204' title='bbox 365 2546 454 2592; x_wconf 90' lang='lat' dir='ltr'>hoc</span> <span class='ocrx_word' id='word_1_205' title='bbox 481 2546 714 2605; x_wconf 88' lang='lat' dir='ltr'>Archilogi</span> <span class='ocrx_word' id='word_1_206' title='bbox 751 2547 1007 2606; x_wconf 89' lang='lat' dir='ltr'>capitulum</span> <span class='ocrx_word' id='word_1_207' title='bbox 1037 2547 1163 2605; x_wconf 85' lang='lat' dir='ltr'>quod</span> <span class='ocrx_word' id='word_1_208' title='bbox 1190 2547 1248 2593; x_wconf 90' lang='lat' dir='ltr'>ad</span> <span class='ocrx_word' id='word_1_209' title='bbox 1285 2559 1457 2605; x_wconf 87' lang='lat' dir='ltr'>propo-</span> 
     </span>
     <span class='ocr_line' id='line_1_30' title="bbox 53 2628 849 2688; baseline 0.003 -15"><span class='ocrx_word' id='word_1_210' title='bbox 53 2628 193 2674; x_wconf 90' lang='lat' dir='ltr'>situm</span> <span class='ocrx_word' id='word_1_211' title='bbox 223 2628 389 2675; x_wconf 87' lang='lat' dir='ltr'>attinet</span> <span class='ocrx_word' id='word_1_212' title='bbox 415 2641 517 2674; x_wconf 90' lang='lat' dir='ltr'>snm</span> <span class='ocrx_word' id='word_1_213' title='bbox 547 2630 849 2688; x_wconf 72' lang='lat' dir='ltr'>repetiturus</span> 
     </span>
    </p>
   </div>
   <div class='ocr_carea' id='block_1_3' title="bbox 119 2710 1457 2833">
    <p class='ocr_par' dir='ltr' id='par_1_6' title="bbox 119 2710 1457 2833">
     <span class='ocr_line' id='line_1_31' title="bbox 119 2710 1457 2772; baseline 0.001 -16"><span class='ocrx_word' id='word_1_214' title='bbox 119 2710 327 2756; x_wconf 89' lang='lat' dir='ltr'>Orationi</span> <span class='ocrx_word' id='word_1_215' title='bbox 355 2712 553 2764; x_wconf 86' lang='lat' dir='ltr'>solutae,</span> <span class='ocrx_word' id='word_1_216' title='bbox 581 2712 738 2770; x_wconf 87' lang='lat' dir='ltr'>inquit</span> <span class='ocrx_word' id='word_1_217' title='bbox 760 2713 978 2763; x_wconf 85' lang='lat' dir='ltr'>Jacobus,</span> <span class='ocrx_word' id='word_1_218' title='bbox 1005 2713 1254 2772; x_wconf 83' lang='lat' dir='ltr'>rhythmus</span> <span class='ocrx_word' id='word_1_219' title='bbox 1280 2713 1343 2759; x_wconf 88' lang='lat' dir='ltr'>ita</span> <span class='ocrx_word' id='word_1_220' title='bbox 1364 2724 1457 2758; x_wconf 91' lang='lat' dir='ltr'>non</span> 
     </span>
     <span class='ocr_line' id='line_1_32' title="bbox 1215 2795 1237 2833; baseline 0 0"><span class='ocrx_word' id='word_1_221' title='bbox 1215 2795 1237 2833; x_wconf 73' lang='lat'><strong>2</strong></span> 
     </span>
    </p>
   </div>
  </div>
 </body>
</html>
