1788 3055
663 234 870 273 ...21—

65 325 348 377 merebatur,
378 326 417 371 si
441 337 536 371 non
565 325 681 372 elisa
708 325 857 371 fuerat
887 324 970 386 (l).
997 327 1289 385 Quapropter
1313 338 1468 373 recen-

64 408 207 455 tiores
242 407 532 467 grammatici
567 409 710 467 hujus
751 420 912 454 versus
952 421 1190 455 caesuram
1229 409 1463 468 lyricam,

63 502 224 537 versus
267 495 423 536 autem
470 490 551 537 ubi
601 491 772 536 insona
819 490 1000 550 syllaba
1049 491 1463 549 praetermittitur,

62 584 300 620 caesuram
328 572 510 633 epicam
536 573 908 632 appellaverunt.

125 656 390 715 Antequam
435 656 582 703 Faber
625 656 1067 703 commentationem
1110 656 1167 703 de
1213 669 1306 715 qua
1346 657 1468 703 infra

61 737 272 785 dicturus
298 751 401 784 sum
430 738 600 791 edidit,
634 739 794 784 nullus
827 751 880 785 ex
911 738 969 784 iis
998 739 1075 797 qui
1106 738 1164 785 de
1189 744 1287 790 arte
1315 740 1467 786 rheto-

62 822 155 868 rica
194 822 486 880 scripserunt
530 834 692 868 versus
735 821 1014 868 divisionem
1058 822 1104 867 in
1149 821 1267 868 duas
1312 827 1467 881 partes

61 904 335 964 explicavit,
370 917 525 964 neque
557 905 715 958 ullus,
747 909 930 964 praeter
964 904 1188 950 Jacobnm
1217 906 1463 964 Magnum,

61 988 289 1048 syllabam
314 989 532 1034 insonam
558 988 605 1033 in
629 988 799 1047 prioris
828 988 1115 1034 hemistichii
1143 987 1238 1034 fine
1266 993 1468 1047 praeter-

59 1072 181 1118 mitti
230 1083 369 1130 posse
414 1071 599 1123 docuit,
650 1084 922 1130 quanquam
969 1083 1135 1117 omnes
1186 1076 1469 1119 notaverunt

58 1153 271 1200 eamdem
293 1166 537 1212 nunquam
561 1155 608 1199 in
631 1154 725 1200 fine
741 1166 958 1201 versuum
981 1154 1351 1213 supputandam,
1373 1167 1466 1213 quo

59 1237 111 1284 tit
135 1243 185 1284 ut
212 1237 427 1284 feminini
454 1250 614 1284 versus
635 1250 729 1284 una
749 1238 930 1297 syllaba
953 1237 1192 1285 divitiores
1215 1237 1311 1284 sint
1338 1250 1463 1284 mas-

59 1321 247 1367 culinis.
296 1321 388 1367 Cur
431 1326 587 1368 aulem
629 1321 739 1368 talia
775 1321 843 1367 illi
888 1321 1161 1374 omiserint,
1206 1321 1321 1367 haec
1365 1321 1467 1368 sine

59 1403 204 1450 dubio
225 1416 365 1451 causa
391 1409 462 1451 est
483 1404 610 1463 quod
631 1409 676 1451 et
697 1404 755 1450 de
776 1404 919 1464 lyrica
941 1405 1097 1464 potins
1123 1404 1467 1452 versificatione

60 1485 292 1534 disserere
315 1493 359 1534 et
380 1500 481 1534 eam
504 1489 734 1549 syllabam
756 1489 804 1534 in
827 1489 926 1535 suis
944 1488 1155 1547 ipsorum
1176 1488 1466 1534 carminibus

60 1582 309 1618 numerare
337 1572 553 1619 solebant
581 1571 664 1633 (Ξ).

128 1653 262 1710 Quod
274 1654 332 1700 ad
349 1654 621 1714 rhythmum
637 1655 821 1708 attinet,
838 1660 932 1703 tres
949 1656 1070 1714 leges
1084 1654 1463 1702 traditJacobus:

136 1756 154 1778 α
184 1739 245 1784 La
272 1739 501 1797 premiere
532 1739 656 1798 regie
683 1739 720 1784 si
755 1744 824 1785 est
856 1751 947 1797 que
981 1739 1138 1785 bonne
1165 1739 1282 1784 rime
1311 1751 1337 1783 a
1367 1743 1468 1784 tout

65 1822 105 1867 le
143 1821 296 1868 moins
334 1822 540 1880 requiert
577 1835 668 1881 que
705 1823 772 1869 les
806 1822 1045 1869 dernieres
1084 1822 1275 1868 sillabes
1315 1822 1468 1868 soient

63 1904 346 1952 semblables
374 1917 433 1951 ou
463 1905 856 1952 semblablement
881 1905 1154 1952 termineeS.

130 2008 149 2028 »
196 1990 257 2035 La
291 1989 493 2035 seconde
528 1989 652 2048 regie
682 1989 720 2034 si
762 1994 832 2035 est
872 2001 964 2048 que
996 1989 1063 2035 les
1098 1989 1239 2036 rimes
1271 1988 1328 2035 de
1369 1994 1468 2035 tant

61 2077 168 2118 sont
195 2071 461 2118 meilleures
490 2084 581 2131 que
610 2072 675 2118 les
703 2071 906 2118 dictions
937 2071 1137 2118 finables
1166 2072 1340 2118 s’entre
1365 2083 1462 2117 res-

101 2205 142 2246 (l)
289 2205 363 2237 Vos
378 2207 535 2246 jouettes
559 2206 637 2237 font
658 2206 754 2236 deux
774 2206 890 2236 fosses
914 2205 1037 2236 toudis

291 2265 345 2296 En
363 2265 584 2303 soubzriant,
608 2275 628 2296 ο
651 2266 742 2296 belle
764 2266 844 2305 plus
867 2273 936 2305 que
960 2266 1063 2296 belle.

60 2334 126 2372 (Ex
147 2334 333 2366 Eustachii
355 2335 502 2372 hamata,
531 2343 623 2374 quae
650 2334 778 2374 incipit
801 2344 807 2365 :
831 2334 883 2365 De
904 2335 988 2374 jour
1010 2342 1054 2364 en
1073 2334 1157 2373 jour
1177 2342 1222 2365 vo
1249 2333 1377 2365 beaute
1406 2343 1466 2365 re-

60 2392 254 2434 nouvelle.)

103 2452 146 2492 (2)
168 2452 209 2483 In
230 2452 383 2493 quadam
411 2453 542 2483 ballata
569 2454 611 2483 ab
636 2453 833 2484 Eustachio
864 2452 959 2493 apud
989 2462 1089 2483 suam
1115 2455 1240 2483 Artem
1269 2454 1465 2491 metandi,

64 2512 217 2552 exempli
241 2512 376 2552 gratia,
400 2512 534 2550 relata,
564 2521 769 2552 quanquam
797 2512 924 2543 ultima
954 2512 1130 2551 cujusque
1157 2511 1289 2552 prioris
1317 2511 1467 2542 membri

65 2572 217 2603 aliorum
245 2580 417 2603 versuum
445 2572 603 2612 syllaba,
633 2572 741 2602 etiam
768 2572 798 2603 si
828 2576 945 2609 muta,
974 2572 1093 2602 locum
1121 2580 1262 2611 semper
1289 2573 1399 2607 tenet,
1429 2570 1467 2600 in

65 2640 174 2663 versu
195 2634 314 2665 tamen
335 2632 396 2672 qui
415 2631 541 2672 gallice
561 2632 699 2669 refrain
721 2630 853 2662 dicitur
870 2639 1060 2661 numerum
1081 2639 1154 2661 non
1175 2630 1315 2661 obtinet
1331 2629 1466 2669 (Preux

67 2690 354 2730 Charlemaiyne,
371 2700 409 2722 se
424 2694 460 2722 tu
477 2691 595 2722 fusses
611 2700 654 2721 en
670 2690 830 2731 France),
847 2690 944 2721 unde
960 2690 1090 2730 opinor·
1106 2693 1166 2720 aut
1181 2691 1330 2720 verbum
1347 2697 1467 2727 preux·

68 2750 237 2782 mendum
256 2759 347 2790 esse,
363 2754 425 2782 aut
442 2759 587 2783 versum
601 2750 701 2782 illum
717 2759 761 2782 ex
776 2749 933 2791 quodam
947 2750 1051 2791 epico
1066 2749 1224 2782 carmine
1242 2751 1466 2789 excerptum.
