1788 3055
833 208 1068 247 -104—

251 306 410 362 posset
443 302 557 359 quin
591 305 776 359 poetae,
805 301 985 359 priores
1015 299 1178 345 modos
1206 299 1344 345 etiam
1374 299 1480 357 plus
1505 310 1655 356 aequo

251 384 513 443 dedignati,
561 388 682 430 totos
726 395 828 429 sese
873 382 932 428 ad
971 383 1247 428 Graecorum
1289 382 1658 440 Latinorumque

250 467 561 513 imitationem
592 470 932 512 converterent.

317 551 554 595 Fontanae
577 548 767 594 libellus
784 561 866 607 pro
889 548 1055 594 ultimo
1079 548 1200 594 inter
1222 560 1301 595 eos
1321 547 1481 594 haberi
1505 551 1658 606 potest

252 633 332 691 qui
355 632 413 678 ad
431 631 677 691 pristinam
702 631 877 677 Galliae
896 630 1073 690 poesim
1096 630 1369 689 respiciunt.
1393 631 1443 675 In
1463 629 1656 676 Artibus

251 716 377 761 enim
410 714 604 774 poeticis
638 726 758 772 quae
784 720 946 773 postea
978 725 1071 759 non
1112 726 1242 760 rarae
1281 713 1495 766 fuerunt,
1528 713 1659 759 nulla

252 799 345 845 fere
374 798 692 844 obsoletorum
723 810 943 856 generum
970 796 1021 842 fit
1050 798 1242 843 mentiO.

317 882 495 928 Dicitur
529 886 685 927 tamen
726 881 915 927 libellus
950 879 1132 926 Claudii
1175 879 1232 926 de
1269 880 1490 933 Buxeria‚
1532 892 1658 926 anno

258 966 377 1010 1554
405 964 527 1023 typis
557 976 828 1022 expressus,
858 963 929 1009 eui
954 964 1119 1009 titulus
1145 968 1214 1009 est
1234 962 1328 1006 Art
1348 962 1560 1024 poetique
1584 964 1659 1008 νέ-

251 1048 354 1092 dm't
392 1052 434 1092 et
479 1046 670 1107 αόνέςχέ,
720 1047 928 1106 priorum
971 1047 1251 1105 scriptorum
1292 1046 1572 1106 disciplinae
1616 1052 1662 1094 et

253 1131 481 1190 exemplis
516 1130 888 1183 accommodam
920 1142 1023 1176 cum
1053 1142 1158 1176 vero
1187 1130 1313 1176 hune
1343 1130 1512 1176 librum
1545 1142 1659 1176 nus-

255 1227 393 1273 quam
425 1214 628 1273 reperire
656 1213 912 1272 potuerim,
940 1218 1096 1259 utrum
1129 1225 1202 1259 res
1230 1225 1335 1259 vera
1363 1213 1505 1259 sitan
1537 1225 1658 1266 non,

254 1298 431 1345 nescio,

318 1382 368 1427 In
399 1381 507 1427 Arte
536 1381 715 1440 poetica
740 1380 898 1426 Jacohi
926 1380 1141 1426 Pelletier
1170 1378 1254 1440 (1),
1279 1392 1405 1425 anno
1434 1385 1662 1439 sequente

255 1464 406 1516 edita,
438 1464 567 1509 nulla
601 1464 781 1522 priscae
816 1464 973 1521 poesis
1008 1463 1199 1521 vestigia
1221 1462 1658 1522 deprehenduntur.

257 1548 534 1605 Quanquam
574 1546 788 1592 Pelletier
824 1545 1006 1592 Marotti
1056 1545 1318 1604 discipulus
1356 1559 1506 1605 nuper
1550 1547 1660 1599 fuit,

265 1648 283 1670 «ι
314 1630 521 1689 priorum
552 1634 705 1675 vatum
735 1641 906 1689 genera
930 1629 1142 1675 funditus
1170 1629 1316 1682 reicit,
1343 1630 1663 1677 vehementer-

257 1725 348 1772 que
375 1713 477 1772 ipse
511 1713 724 1771 queritur
758 1712 884 1771 quod
920 1712 1102 1758 nullum
1141 1711 1285 1757 alium
1326 1724 1541 1772 eampum
1582 1725 1664 1772 per

257 1801 324 1843 tot
351 1796 537 1842 saecula
564 1795 720 1854 poesis
747 1800 908 1841 nostra
936 1794 1026 1841 sihi
1056 1794 1324 1854 patefecerit
1357 1793 1441 1856 (2).
1474 1813 1492 1837 ι»

324 1880 558 1926 Antonius
608 1880 899 1938 Fouquelin‚
947 1879 994 1924 in
1039 1891 1124 1924 sua
1171 1880 1280 1925 Arte
1327 1879 1491 1926 eodem
1537 1892 1663 1926 anno

259 1963 433 2009 emissa
465 1960 557 2023 (5),
589 1962 648 2008 ad
685 1962 732 2008 id
771 1967 951 2008 tantum
991 1980 1008 2002 «
1046 1962 1087 2008 le
1115 1962 1189 2021 lay
1222 1967 1267 2008 et
1303 1963 1344 2008 le
1379 1962 1551 2023 virelay
1581 1963 1664 2010 des

259 2046 451 2093 anciens
475 2047 637 2105 poetes
666 2045 868 2103 franoois
897 2064 915 2087 »
953 2045 1079 2098 citat,
1113 2050 1163 2091 ut
1190 2058 1243 2092 ea
1266 2058 1369 2092 eum
1392 2046 1665 2106 epistropha

261 2134 515 2189 comparet.

327 2214 534 2259 Fuerunt
561 2224 674 2259 sane
700 2212 781 2271 qui
805 2225 949 2259 novas
975 2225 1048 2259 res
1073 2213 1193 2260 male
1219 2212 1428 2264 tulerint,
1457 2212 1538 2271 qui
1562 2224 1663 2272 per·

302 2425 345 2464 (1)
368 2427 471 2455 L’Art
491 2426 661 2464 poetique
684 2427 727 2456 de
751 2428 886 2463 Jaqtces
915 2427 1067 2455 Peletz'er
1095 2427 1143 2455 ctu
1174 2427 1297 2463 Mans,
1327 2426 1470 2463 ἅψει-ιι·
1498 2434 1541 2455 en
1573 2426 1664 2455 (leus

263 2485 385 2515 tim—es.
410 2484 438 2515 A
462 2483 565 2524 Lyon
587 2494 650 2524 par
671 2484 738 2515 Jan
760 2484 803 2515 de
828 2484 992 2515 Tournes
1014 2493 1031 2514 e
1053 2483 1148 2516 Guil.
1172 2483 1327 2515 Gazeau.
1354 2483 1431 2515 1555
1452 2483 1543 2523 (Bib.
1567 2483 1663 2521 Nat„

264 2543 345 2575 Res.
370 2547 395 2574 Y
416 2543 495 2575 4328
511 2547 553 2579 4-
569 2544 622 2584 Α).

305 2602 347 2642 (2³)
369 2603 563 2643 Pellissier,
586 2613 619 2644 p.
646 2604 694 2635 50.

304 2661 347 2702 (3)
376 2664 423 2692 La
448 2664 667 2702 Rhetorique
693 2665 876 2703 franqoise
905 2665 1102 2694 d'Arttoine
1131 2664 1333 2701 Fouquelin
1365 2664 1408 2694 de
1436 2664 1588 2702 Chauny
1616 2671 1661 2693 en

267 2723 523 2753 vermandois
545 2721 659 2760 Paris,
685 2722 773 2754 1557.
