<?xml version="1.0" encoding="UTF-8"?>
<!DOCTYPE html PUBLIC "-//W3C//DTD XHTML 1.0 Transitional//EN"
    "http://www.w3.org/TR/xhtml1/DTD/xhtml1-transitional.dtd">
<html xmlns="http://www.w3.org/1999/xhtml" xml:lang="en" lang="en">
 <head>
  <title>
</title>
<meta http-equiv="Content-Type" content="text/html;charset=utf-8" />
  <meta name='ocr-system' content='tesseract 3.04.00' />
  <meta name='ocr-capabilities' content='ocr_page ocr_carea ocr_par ocr_line ocrx_word'/>
</head>
<body>
  <div class='ocr_page' id='page_1' title='image "./deartibusrhetori00languoft_0082.png"; bbox 0 0 1788 3055; ppageno 0'>
   <div class='ocr_carea' id='block_1_1' title="bbox 851 185 1061 223">
    <p class='ocr_par' dir='ltr' id='par_1_1' title="bbox 851 185 1061 223">
     <span class='ocr_line' id='line_1_1' title="bbox 851 185 1061 223; baseline 0 -9"><span class='ocrx_word' id='word_1_1' title='bbox 851 185 1061 223; x_wconf 71' lang='lat'><strong>..72-</strong></span> 
     </span>
    </p>
   </div>
   <div class='ocr_carea' id='block_1_2' title="bbox 251 274 1679 2259">
    <p class='ocr_par' dir='ltr' id='par_1_2' title="bbox 251 274 1666 585">
     <span class='ocr_line' id='line_1_2' title="bbox 251 274 1666 336; baseline -0.001 -12"><span class='ocrx_word' id='word_1_2' title='bbox 251 278 308 324; x_wconf 91' lang='lat' dir='ltr'>de</span> <span class='ocrx_word' id='word_1_3' title='bbox 331 276 506 336; x_wconf 88' lang='lat' dir='ltr'>quihus</span> <span class='ocrx_word' id='word_1_4' title='bbox 536 276 656 321; x_wconf 77' lang='lat' dir='ltr'>inira</span> <span class='ocrx_word' id='word_1_5' title='bbox 679 275 891 321; x_wconf 86' lang='lat' dir='ltr'>dicturus</span> <span class='ocrx_word' id='word_1_6' title='bbox 914 287 1037 328; x_wconf 89' lang='lat' dir='ltr'>sum,</span> <span class='ocrx_word' id='word_1_7' title='bbox 1069 274 1162 320; x_wconf 87' lang='lat' dir='ltr'>alia</span> <span class='ocrx_word' id='word_1_8' title='bbox 1185 288 1468 319; x_wconf 68' lang='lat' dir='ltr'>coronarum</span> <span class='ocrx_word' id='word_1_9' title='bbox 1494 286 1666 334; x_wconf 83' lang='lat' dir='ltr'>genera</span> 
     </span>
     <span class='ocr_line' id='line_1_3' title="bbox 251 357 1666 417; baseline -0.001 -11"><span class='ocrx_word' id='word_1_10' title='bbox 251 360 569 412; x_wconf 85' lang='lat' dir='ltr'>deliniuntur;</span> <span class='ocrx_word' id='word_1_11' title='bbox 614 364 666 404; x_wconf 92' lang='lat' dir='ltr'>ut</span> <span class='ocrx_word' id='word_1_12' title='bbox 703 363 832 417; x_wconf 91' lang='lat' dir='ltr'>puta,</span> <span class='ocrx_word' id='word_1_13' title='bbox 871 358 911 404; x_wconf 90' lang='lat' dir='ltr'>si</span> <span class='ocrx_word' id='word_1_14' title='bbox 951 357 1169 404; x_wconf 90' lang='lat' dir='ltr'>ultimum</span> <span class='ocrx_word' id='word_1_15' title='bbox 1206 358 1397 404; x_wconf 84' lang='lat' dir='ltr'>verbum</span> <span class='ocrx_word' id='word_1_16' title='bbox 1436 359 1666 417; x_wconf 85' lang='lat' dir='ltr'>cujusque</span> 
     </span>
     <span class='ocr_line' id='line_1_4' title="bbox 252 441 1665 501; baseline -0.001 -12"><span class='ocrx_word' id='word_1_17' title='bbox 252 455 414 489; x_wconf 88' lang='lat' dir='ltr'>versus</span> <span class='ocrx_word' id='word_1_18' title='bbox 444 441 805 501; x_wconf 80' lang='lat' dir='ltr'>monosyllabon</span> <span class='ocrx_word' id='word_1_19' title='bbox 846 446 916 487; x_wconf 87' lang='lat' dir='ltr'>est</span> <span class='ocrx_word' id='word_1_20' title='bbox 952 447 996 487; x_wconf 93' lang='lat' dir='ltr'>et</span> <span class='ocrx_word' id='word_1_21' title='bbox 1034 441 1159 488; x_wconf 83' lang='lat' dir='ltr'>idern</span> <span class='ocrx_word' id='word_1_22' title='bbox 1199 447 1387 489; x_wconf 88' lang='lat' dir='ltr'>resonat</span> <span class='ocrx_word' id='word_1_23' title='bbox 1423 454 1475 488; x_wconf 88' lang='lat' dir='ltr'>ac</span> <span class='ocrx_word' id='word_1_24' title='bbox 1501 442 1665 501; x_wconf 90' lang='lat' dir='ltr'>penul-</span> 
     </span>
     <span class='ocr_line' id='line_1_5' title="bbox 252 524 916 585; baseline -0.006 -12"><span class='ocrx_word' id='word_1_25' title='bbox 252 527 355 573; x_wconf 87' lang='lat' dir='ltr'>timi</span> <span class='ocrx_word' id='word_1_26' title='bbox 383 531 591 572; x_wconf 80' lang='lat' dir='ltr'>extrema</span> <span class='ocrx_word' id='word_1_27' title='bbox 618 525 800 584; x_wconf 80' lang='lat' dir='ltr'>syllaba</span> <span class='ocrx_word' id='word_1_28' title='bbox 833 524 916 585; x_wconf 84' lang='lat'>(1).</span> 
     </span>
    </p>

    <p class='ocr_par' dir='ltr' id='par_1_3' title="bbox 253 607 1675 1502">
     <span class='ocr_line' id='line_1_6' title="bbox 318 607 1668 669; baseline -0.001 -14"><span class='ocrx_word' id='word_1_29' title='bbox 318 609 429 669; x_wconf 85' lang='lat' dir='ltr'>Cap.</span> <span class='ocrx_word' id='word_1_30' title='bbox 460 610 518 655; x_wconf 89' lang='lat' dir='ltr'>X.</span> <span class='ocrx_word' id='word_1_31' title='bbox 555 626 573 649; x_wconf 69' lang='grc' dir='ltr'>α</span> <span class='ocrx_word' id='word_1_32' title='bbox 604 609 690 654; x_wconf 85' lang='lat' dir='ltr'>Pro</span> <span class='ocrx_word' id='word_1_33' title='bbox 720 608 944 654; x_wconf 75' lang='lat' dir='ltr'>misteriis</span> <span class='ocrx_word' id='word_1_34' title='bbox 972 607 1304 667; x_wconf 79' lang='lat' dir='ltr'>compilandis,</span> <span class='ocrx_word' id='word_1_35' title='bbox 1337 607 1560 661; x_wconf 81' lang='lat' dir='ltr'>cronicis,</span> <span class='ocrx_word' id='word_1_36' title='bbox 1594 620 1668 654; x_wconf 90' lang='lat' dir='ltr'>ro-</span> 
     </span>
     <span class='ocr_line' id='line_1_7' title="bbox 253 692 1666 751; baseline 0 -13"><span class='ocrx_word' id='word_1_37' title='bbox 253 693 477 745; x_wconf 81' lang='lat' dir='ltr'>manciiS,</span> <span class='ocrx_word' id='word_1_38' title='bbox 509 697 554 738; x_wconf 92' lang='lat' dir='ltr'>et</span> <span class='ocrx_word' id='word_1_39' title='bbox 580 692 838 738; x_wconf 79' lang='lat' dir='ltr'>historicis.</span> <span class='ocrx_word' id='word_1_40' title='bbox 881 710 899 733; x_wconf 70' lang='lat'>2&gt;</span> <span class='ocrx_word' id='word_1_41' title='bbox 946 693 988 738; x_wconf 87' lang='lat' dir='ltr'>Is</span> <span class='ocrx_word' id='word_1_42' title='bbox 1027 698 1097 738; x_wconf 84' lang='lat' dir='ltr'>est</span> <span class='ocrx_word' id='word_1_43' title='bbox 1132 692 1323 750; x_wconf 88' lang='lat' dir='ltr'>quidem</span> <span class='ocrx_word' id='word_1_44' title='bbox 1353 692 1518 751; x_wconf 87' lang='lat' dir='ltr'>capitis</span> <span class='ocrx_word' id='word_1_45' title='bbox 1554 692 1666 739; x_wconf 87' lang='lat' dir='ltr'>titu-</span> 
     </span>
     <span class='ocr_line' id='line_1_8' title="bbox 257 775 1667 835; baseline -0.001 -13"><span class='ocrx_word' id='word_1_46' title='bbox 257 777 351 828; x_wconf 87' lang='lat' dir='ltr'>lus,</span> <span class='ocrx_word' id='word_1_47' title='bbox 382 776 577 822; x_wconf 87' lang='lat' dir='ltr'>materia</span> <span class='ocrx_word' id='word_1_48' title='bbox 606 787 712 822; x_wconf 88' lang='lat' dir='ltr'>vcro</span> <span class='ocrx_word' id='word_1_49' title='bbox 748 776 789 821; x_wconf 89' lang='lat' dir='ltr'>ei</span> <span class='ocrx_word' id='word_1_50' title='bbox 827 776 1021 821; x_wconf 90' lang='lat' dir='ltr'>minime</span> <span class='ocrx_word' id='word_1_51' title='bbox 1060 775 1339 835; x_wconf 78' lang='lat' dir='ltr'>respondet,</span> <span class='ocrx_word' id='word_1_52' title='bbox 1373 788 1479 821; x_wconf 86' lang='lat' dir='ltr'>nam</span> <span class='ocrx_word' id='word_1_53' title='bbox 1516 775 1573 822; x_wconf 91' lang='lat' dir='ltr'>de</span> <span class='ocrx_word' id='word_1_54' title='bbox 1609 776 1667 821; x_wconf 90' lang='lat' dir='ltr'>iis</span> 
     </span>
     <span class='ocr_line' id='line_1_9' title="bbox 254 858 1670 918; baseline 0 -13"><span class='ocrx_word' id='word_1_55' title='bbox 254 864 437 905; x_wconf 87' lang='lat' dir='ltr'>tantum</span> <span class='ocrx_word' id='word_1_56' title='bbox 464 871 585 918; x_wconf 86' lang='lat' dir='ltr'>quae</span> <span class='ocrx_word' id='word_1_57' title='bbox 608 859 663 905; x_wconf 92' lang='lat' dir='ltr'>ad</span> <span class='ocrx_word' id='word_1_58' title='bbox 694 871 880 905; x_wconf 85' lang='lat' dir='ltr'>scenam</span> <span class='ocrx_word' id='word_1_59' title='bbox 906 864 1254 918; x_wconf 89' lang='lat' dir='ltr'>componuntur</span> <span class='ocrx_word' id='word_1_60' title='bbox 1274 858 1447 905; x_wconf 80' lang='lat' dir='ltr'>fabulis</span> <span class='ocrx_word' id='word_1_61' title='bbox 1471 859 1670 918; x_wconf 85' lang='lat' dir='ltr'>scriptor</span> 
     </span>
     <span class='ocr_line' id='line_1_10' title="bbox 256 941 1670 1003; baseline 0 -14"><span class='ocrx_word' id='word_1_62' title='bbox 256 947 420 989; x_wconf 88' lang='lat' dir='ltr'>tractat</span> <span class='ocrx_word' id='word_1_63' title='bbox 453 941 546 1003; x_wconf 69' lang='lat'>(2),</span> <span class='ocrx_word' id='word_1_64' title='bbox 579 954 733 1001; x_wconf 86' lang='lat' dir='ltr'>neque</span> <span class='ocrx_word' id='word_1_65' title='bbox 770 943 967 1002; x_wconf 81' lang='lat' dir='ltr'>tragicas</span> <span class='ocrx_word' id='word_1_66' title='bbox 1004 956 1030 988; x_wconf 88' lang='lat' dir='ltr'>a</span> <span class='ocrx_word' id='word_1_67' title='bbox 1064 942 1254 989; x_wconf 88' lang='lat' dir='ltr'>comicis</span> <span class='ocrx_word' id='word_1_68' title='bbox 1290 942 1485 997; x_wconf 88' lang='lat' dir='ltr'>dividit,</span> <span class='ocrx_word' id='word_1_69' title='bbox 1516 954 1670 1001; x_wconf 90' lang='lat' dir='ltr'>neque</span> 
     </span>
     <span class='ocr_line' id='line_1_11' title="bbox 255 1026 1671 1086; baseline -0.001 -13"><span class='ocrx_word' id='word_1_70' title='bbox 255 1027 416 1073; x_wconf 82' lang='lat' dir='ltr'>omnia</span> <span class='ocrx_word' id='word_1_71' title='bbox 443 1039 564 1085; x_wconf 87' lang='lat' dir='ltr'>quae</span> <span class='ocrx_word' id='word_1_72' title='bbox 591 1026 650 1072; x_wconf 87' lang='lat' dir='ltr'>ad</span> <span class='ocrx_word' id='word_1_73' title='bbox 679 1027 911 1073; x_wconf 83' lang='lat' dir='ltr'>scenicam</span> <span class='ocrx_word' id='word_1_74' title='bbox 938 1039 1032 1072; x_wconf 92' lang='lat' dir='ltr'>rem</span> <span class='ocrx_word' id='word_1_75' title='bbox 1063 1027 1303 1086; x_wconf 85' lang='lat' dir='ltr'>pertinent</span> <span class='ocrx_word' id='word_1_76' title='bbox 1327 1031 1573 1085; x_wconf 86' lang='lat' dir='ltr'>praecepta</span> <span class='ocrx_word' id='word_1_77' title='bbox 1598 1039 1671 1073; x_wconf 85' lang='lat' dir='ltr'>ex-</span> 
     </span>
     <span class='ocr_line' id='line_1_12' title="bbox 256 1109 1671 1169; baseline 0 -14"><span class='ocrx_word' id='word_1_78' title='bbox 256 1110 448 1169; x_wconf 87' lang='lat' dir='ltr'>primit,</span> <span class='ocrx_word' id='word_1_79' title='bbox 479 1109 561 1156; x_wconf 92' lang='lat' dir='ltr'>sed</span> <span class='ocrx_word' id='word_1_80' title='bbox 599 1110 714 1155; x_wconf 89' lang='lat' dir='ltr'>haec</span> <span class='ocrx_word' id='word_1_81' title='bbox 747 1110 1046 1156; x_wconf 83' lang='lat' dir='ltr'>solummodo</span> <span class='ocrx_word' id='word_1_82' title='bbox 1080 1126 1089 1155; x_wconf 93' lang='lat'>:</span> <span class='ocrx_word' id='word_1_83' title='bbox 1121 1123 1180 1156; x_wconf 91' lang='lat' dir='ltr'>ne</span> <span class='ocrx_word' id='word_1_84' title='bbox 1213 1110 1372 1169; x_wconf 89' lang='lat' dir='ltr'>plures</span> <span class='ocrx_word' id='word_1_85' title='bbox 1405 1122 1520 1156; x_wconf 92' lang='lat' dir='ltr'>neve</span> <span class='ocrx_word' id='word_1_86' title='bbox 1554 1122 1671 1169; x_wconf 89' lang='lat' dir='ltr'>pau—</span> 
     </span>
     <span class='ocr_line' id='line_1_13' title="bbox 258 1193 1671 1253; baseline 0.001 -14"><span class='ocrx_word' id='word_1_87' title='bbox 258 1193 406 1239; x_wconf 89' lang='lat' dir='ltr'>ciores</span> <span class='ocrx_word' id='word_1_88' title='bbox 430 1193 559 1251; x_wconf 85' lang='lat' dir='ltr'>justo</span> <span class='ocrx_word' id='word_1_89' title='bbox 583 1198 763 1239; x_wconf 86' lang='lat' dir='ltr'>actores</span> <span class='ocrx_word' id='word_1_90' title='bbox 792 1193 1102 1246; x_wconf 89' lang='lat' dir='ltr'>inducantur;</span> <span class='ocrx_word' id='word_1_91' title='bbox 1129 1193 1313 1240; x_wconf 86' lang='lat' dir='ltr'>nobiles</span> <span class='ocrx_word' id='word_1_92' title='bbox 1340 1206 1568 1253; x_wconf 86' lang='lat' dir='ltr'>personas</span> <span class='ocrx_word' id='word_1_93' title='bbox 1593 1205 1671 1240; x_wconf 90' lang='lat' dir='ltr'>ne-</span> 
     </span>
     <span class='ocr_line' id='line_1_14' title="bbox 259 1275 1675 1332; baseline -0.001 -10"><span class='ocrx_word' id='word_1_94' title='bbox 259 1289 389 1323; x_wconf 89' lang='lat' dir='ltr'>cesse</span> <span class='ocrx_word' id='word_1_95' title='bbox 428 1282 499 1323; x_wconf 90' lang='lat' dir='ltr'>est</span> <span class='ocrx_word' id='word_1_96' title='bbox 534 1277 695 1322; x_wconf 85' lang='lat' dir='ltr'>famuli</span> <span class='ocrx_word' id='word_1_97' title='bbox 731 1277 1036 1332; x_wconf 76' lang='lat' dir='ltr'>comitentur,</span> <span class='ocrx_word' id='word_1_98' title='bbox 1066 1277 1275 1323; x_wconf 88' lang='lat' dir='ltr'>carmina</span> <span class='ocrx_word' id='word_1_99' title='bbox 1301 1276 1386 1322; x_wconf 75' lang='lat' dir='ltr'>lais</span> <span class='ocrx_word' id='word_1_100' title='bbox 1413 1282 1457 1323; x_wconf 89' lang='lat' dir='ltr'>et</span> <span class='ocrx_word' id='word_1_101' title='bbox 1486 1275 1675 1320; x_wconf 76' lang='lat' dir='ltr'>vz‘relaz&#39;s</span> 
     </span>
     <span class='ocr_line' id='line_1_15' title="bbox 260 1359 1674 1419; baseline -0.001 -13"><span class='ocrx_word' id='word_1_102' title='bbox 260 1359 382 1406; x_wconf 89' lang='lat' dir='ltr'>dicta</span> <span class='ocrx_word' id='word_1_103' title='bbox 419 1360 467 1405; x_wconf 89' lang='lat' dir='ltr'>in</span> <span class='ocrx_word' id='word_1_104' title='bbox 502 1372 720 1406; x_wconf 86' lang='lat' dir='ltr'>sermone</span> <span class='ocrx_word' id='word_1_105' title='bbox 760 1361 1054 1411; x_wconf 80' lang='lat' dir='ltr'>inserantur:</span> <span class='ocrx_word' id='word_1_106' title='bbox 1097 1372 1313 1419; x_wconf 87' lang='lat' dir='ltr'>quaeque</span> <span class='ocrx_word' id='word_1_107' title='bbox 1349 1372 1551 1419; x_wconf 88' lang='lat' dir='ltr'>persona</span> <span class='ocrx_word' id='word_1_108' title='bbox 1590 1371 1674 1419; x_wconf 91' lang='lat' dir='ltr'>pro</span> 
     </span>
     <span class='ocr_line' id='line_1_16' title="bbox 261 1443 913 1502; baseline -0.002 -13"><span class='ocrx_word' id='word_1_109' title='bbox 261 1456 346 1489; x_wconf 91' lang='lat' dir='ltr'>sua</span> <span class='ocrx_word' id='word_1_110' title='bbox 374 1443 645 1490; x_wconf 91' lang='lat' dir='ltr'>conditione</span> <span class='ocrx_word' id='word_1_111' title='bbox 674 1444 913 1502; x_wconf 86' lang='lat' dir='ltr'>loquatur.</span> 
     </span>
    </p>

    <p class='ocr_par' dir='ltr' id='par_1_4' title="bbox 262 1527 1679 2259">
     <span class='ocr_line' id='line_1_17' title="bbox 325 1527 1677 1587; baseline 0.002 -15"><span class='ocrx_word' id='word_1_112' title='bbox 325 1527 443 1572; x_wconf 91' lang='lat' dir='ltr'>Num</span> <span class='ocrx_word' id='word_1_113' title='bbox 480 1527 802 1573; x_wconf 81' lang='lat' dir='ltr'>Infortunatus</span> <span class='ocrx_word' id='word_1_114' title='bbox 841 1527 1021 1586; x_wconf 85' lang='lat' dir='ltr'>aliquid</span> <span class='ocrx_word' id='word_1_115' title='bbox 1052 1540 1076 1574; x_wconf 93' lang='lat' dir='ltr'>e</span> <span class='ocrx_word' id='word_1_116' title='bbox 1104 1528 1342 1586; x_wconf 87' lang='lat' dir='ltr'>prioribus</span> <span class='ocrx_word' id='word_1_117' title='bbox 1375 1528 1455 1587; x_wconf 90' lang='lat' dir='ltr'>qui</span> <span class='ocrx_word' id='word_1_118' title='bbox 1490 1532 1677 1575; x_wconf 85' lang='lat' dir='ltr'>exstant</span> 
     </span>
     <span class='ocr_line' id='line_1_18' title="bbox 262 1610 1672 1670; baseline 0.001 -15"><span class='ocrx_word' id='word_1_119' title='bbox 262 1610 311 1655; x_wconf 94' lang='lat' dir='ltr'>in</span> <span class='ocrx_word' id='word_1_120' title='bbox 357 1623 495 1656; x_wconf 85' lang='lat' dir='ltr'>suurn</span> <span class='ocrx_word' id='word_1_121' title='bbox 549 1610 803 1669; x_wconf 82' lang='lat' dir='ltr'>redegerit,</span> <span class='ocrx_word' id='word_1_122' title='bbox 850 1623 1048 1670; x_wconf 90' lang='lat' dir='ltr'>operosa</span> <span class='ocrx_word' id='word_1_123' title='bbox 1101 1623 1173 1657; x_wconf 87' lang='lat' dir='ltr'>res</span> <span class='ocrx_word' id='word_1_124' title='bbox 1225 1617 1350 1658; x_wconf 88' lang='lat' dir='ltr'>esset</span> <span class='ocrx_word' id='word_1_125' title='bbox 1399 1612 1672 1670; x_wconf 80' lang='lat' dir='ltr'>exquirere,</span> 
     </span>
     <span class='ocr_line' id='line_1_19' title="bbox 264 1694 1676 1754; baseline 0.001 -14"><span class='ocrx_word' id='word_1_126' title='bbox 264 1706 348 1740; x_wconf 91' lang='lat' dir='ltr'>nec</span> <span class='ocrx_word' id='word_1_127' title='bbox 378 1706 547 1753; x_wconf 86' lang='lat' dir='ltr'>operae</span> <span class='ocrx_word' id='word_1_128' title='bbox 582 1695 802 1753; x_wconf 88' lang='lat' dir='ltr'>pretium.</span> <span class='ocrx_word' id='word_1_129' title='bbox 837 1694 971 1750; x_wconf 88' lang='lat' dir='ltr'>Quod</span> <span class='ocrx_word' id='word_1_130' title='bbox 1005 1695 1130 1740; x_wconf 89' lang='lat' dir='ltr'>enim</span> <span class='ocrx_word' id='word_1_131' title='bbox 1170 1708 1274 1741; x_wconf 86' lang='lat' dir='ltr'>curn</span> <span class='ocrx_word' id='word_1_132' title='bbox 1313 1695 1371 1741; x_wconf 90' lang='lat' dir='ltr'>iis</span> <span class='ocrx_word' id='word_1_133' title='bbox 1419 1696 1579 1754; x_wconf 86' lang='lat' dir='ltr'>aliqua</span> <span class='ocrx_word' id='word_1_134' title='bbox 1620 1707 1676 1741; x_wconf 81' lang='lat' dir='ltr'>ex</span> 
     </span>
     <span class='ocr_line' id='line_1_20' title="bbox 263 1777 1673 1837; baseline 0.001 -14"><span class='ocrx_word' id='word_1_135' title='bbox 263 1782 395 1837; x_wconf 86' lang='lat' dir='ltr'>parte</span> <span class='ocrx_word' id='word_1_136' title='bbox 432 1782 681 1836; x_wconf 84' lang='lat' dir='ltr'>congruat,</span> <span class='ocrx_word' id='word_1_137' title='bbox 714 1777 899 1823; x_wconf 91' lang='lat' dir='ltr'>nullum</span> <span class='ocrx_word' id='word_1_138' title='bbox 935 1789 1092 1824; x_wconf 91' lang='lat' dir='ltr'>verum</span> <span class='ocrx_word' id='word_1_139' title='bbox 1133 1777 1179 1823; x_wconf 91' lang='lat' dir='ltr'>id</span> <span class='ocrx_word' id='word_1_140' title='bbox 1211 1783 1539 1837; x_wconf 83' lang='lat' dir='ltr'>argumentum</span> <span class='ocrx_word' id='word_1_141' title='bbox 1578 1783 1673 1832; x_wconf 91' lang='lat' dir='ltr'>est,</span> 
     </span>
     <span class='ocr_line' id='line_1_21' title="bbox 264 1861 1673 1920; baseline -0.001 -13"><span class='ocrx_word' id='word_1_142' title='bbox 264 1873 369 1907; x_wconf 91' lang='lat' dir='ltr'>cum</span> <span class='ocrx_word' id='word_1_143' title='bbox 417 1873 512 1907; x_wconf 91' lang='lat' dir='ltr'>non</span> <span class='ocrx_word' id='word_1_144' title='bbox 555 1874 688 1907; x_wconf 88' lang='lat' dir='ltr'>suam</span> <span class='ocrx_word' id='word_1_145' title='bbox 737 1861 941 1920; x_wconf 86' lang='lat' dir='ltr'>quisque</span> <span class='ocrx_word' id='word_1_146' title='bbox 988 1861 1269 1908; x_wconf 86' lang='lat' dir='ltr'>sententiam</span> <span class='ocrx_word' id='word_1_147' title='bbox 1320 1861 1377 1908; x_wconf 91' lang='lat' dir='ltr'>de</span> <span class='ocrx_word' id='word_1_148' title='bbox 1421 1867 1520 1908; x_wconf 88' lang='lat' dir='ltr'>arte</span> <span class='ocrx_word' id='word_1_149' title='bbox 1565 1874 1673 1920; x_wconf 89' lang='lat' dir='ltr'>pro-</span> 
     </span>
     <span class='ocr_line' id='line_1_22' title="bbox 266 1944 1675 2004; baseline 0.001 -14"><span class='ocrx_word' id='word_1_150' title='bbox 266 1944 387 1991; x_wconf 88' lang='lat' dir='ltr'>fiteri</span> <span class='ocrx_word' id='word_1_151' title='bbox 440 1945 649 1997; x_wconf 89' lang='lat' dir='ltr'>soleant,</span> <span class='ocrx_word' id='word_1_152' title='bbox 699 1945 781 1991; x_wconf 91' lang='lat' dir='ltr'>sed</span> <span class='ocrx_word' id='word_1_153' title='bbox 826 1950 1074 2004; x_wconf 87' lang='lat' dir='ltr'>praecepta</span> <span class='ocrx_word' id='word_1_154' title='bbox 1124 1945 1246 1992; x_wconf 89' lang='lat' dir='ltr'>inter</span> <span class='ocrx_word' id='word_1_155' title='bbox 1294 1958 1458 1993; x_wconf 88' lang='lat' dir='ltr'>omnes</span> <span class='ocrx_word' id='word_1_156' title='bbox 1507 1958 1675 1992; x_wconf 86' lang='lat' dir='ltr'>conve-</span> 
     </span>
     <span class='ocr_line' id='line_1_23' title="bbox 269 2028 1678 2088; baseline 0.001 -15"><span class='ocrx_word' id='word_1_157' title='bbox 269 2029 447 2074; x_wconf 90' lang='lat' dir='ltr'>nientia</span> <span class='ocrx_word' id='word_1_158' title='bbox 480 2029 713 2088; x_wconf 85' lang='lat' dir='ltr'>vulgoque</span> <span class='ocrx_word' id='word_1_159' title='bbox 747 2028 1065 2088; x_wconf 82' lang='lat' dir='ltr'>comprobata.</span> <span class='ocrx_word' id='word_1_160' title='bbox 1098 2029 1376 2083; x_wconf 86' lang='lat' dir='ltr'>Praeterea,</span> <span class='ocrx_word' id='word_1_161' title='bbox 1413 2035 1464 2076; x_wconf 89' lang='lat' dir='ltr'>ut</span> <span class='ocrx_word' id='word_1_162' title='bbox 1498 2030 1678 2088; x_wconf 90' lang='lat' dir='ltr'>priores</span> 
     </span>
     <span class='ocr_line' id='line_1_24' title="bbox 269 2110 1678 2164; baseline 0.001 -8"><span class='ocrx_word' id='word_1_163' title='bbox 269 2110 479 2158; x_wconf 87' lang='lat' dir='ltr'>imitatus</span> <span class='ocrx_word' id='word_1_164' title='bbox 518 2111 602 2164; x_wconf 89' lang='lat' dir='ltr'>sit,</span> <span class='ocrx_word' id='word_1_165' title='bbox 650 2123 840 2158; x_wconf 89' lang='lat' dir='ltr'>necesse</span> <span class='ocrx_word' id='word_1_166' title='bbox 880 2117 1037 2158; x_wconf 88' lang='lat' dir='ltr'>tamen</span> <span class='ocrx_word' id='word_1_167' title='bbox 1074 2111 1162 2158; x_wconf 83' lang='lat' dir='ltr'>fuit</span> <span class='ocrx_word' id='word_1_168' title='bbox 1197 2124 1303 2158; x_wconf 92' lang='lat' dir='ltr'>eum</span> <span class='ocrx_word' id='word_1_169' title='bbox 1338 2125 1557 2158; x_wconf 84' lang='lat' dir='ltr'>versuum</span> <span class='ocrx_word' id='word_1_170' title='bbox 1594 2125 1678 2158; x_wconf 91' lang='lat' dir='ltr'>nu-</span> 
     </span>
     <span class='ocr_line' id='line_1_25' title="bbox 269 2195 1679 2259; baseline 0.001 -18"><span class='ocrx_word' id='word_1_171' title='bbox 269 2207 397 2242; x_wconf 89' lang='lat' dir='ltr'>mero</span> <span class='ocrx_word' id='word_1_172' title='bbox 426 2195 756 2259; x_wconf 82' lang='lat' dir='ltr'>rhythmisque</span> <span class='ocrx_word' id='word_1_173' title='bbox 782 2195 1002 2255; x_wconf 88' lang='lat' dir='ltr'>impediri</span> <span class='ocrx_word' id='word_1_174' title='bbox 1029 2195 1286 2255; x_wconf 87' lang='lat' dir='ltr'>quominus</span> <span class='ocrx_word' id='word_1_175' title='bbox 1315 2196 1455 2243; x_wconf 87' lang='lat' dir='ltr'>verba</span> <span class='ocrx_word' id='word_1_176' title='bbox 1481 2197 1583 2255; x_wconf 90' lang='lat' dir='ltr'>ipsa</span> <span class='ocrx_word' id='word_1_177' title='bbox 1611 2208 1679 2243; x_wconf 91' lang='lat' dir='ltr'>re-</span> 
     </span>
    </p>
   </div>
   <div class='ocr_carea' id='block_1_3' title="bbox 312 2409 1493 2749">
    <p class='ocr_par' dir='ltr' id='par_1_5' title="bbox 519 2409 1412 2451">
     <span class='ocr_line' id='line_1_26' title="bbox 519 2409 1412 2451; baseline 0 -10"><span class='ocrx_word' id='word_1_178' title='bbox 519 2409 575 2441; x_wconf 88' lang='lat' dir='ltr'>Ou</span> <span class='ocrx_word' id='word_1_179' title='bbox 597 2420 617 2441; x_wconf 83' lang='lat' dir='ltr'>a</span> <span class='ocrx_word' id='word_1_180' title='bbox 638 2410 763 2441; x_wconf 82' lang='lat' dir='ltr'>cheval</span> <span class='ocrx_word' id='word_1_181' title='bbox 784 2413 866 2442; x_wconf 84' lang='lat' dir='ltr'>sont</span> <span class='ocrx_word' id='word_1_182' title='bbox 888 2420 952 2451; x_wconf 84' lang='lat' dir='ltr'>par</span> <span class='ocrx_word' id='word_1_183' title='bbox 972 2411 1068 2441; x_wconf 87' lang='lat' dir='ltr'>leurs</span> <span class='ocrx_word' id='word_1_184' title='bbox 1092 2420 1201 2441; x_wconf 80' lang='lat' dir='ltr'>noms</span> <span class='ocrx_word' id='word_1_185' title='bbox 1223 2411 1412 2448; x_wconf 58' lang='lat' dir='ltr'>novnmds,</span> 
     </span>
    </p>

    <p class='ocr_par' dir='ltr' id='par_1_6' title="bbox 312 2470 1450 2569">
     <span class='ocr_line' id='line_1_27' title="bbox 519 2470 1450 2511; baseline 0.001 -11"><span class='ocrx_word' id='word_1_186' title='bbox 519 2470 617 2501; x_wconf 84' lang='lat' dir='ltr'>Pour</span> <span class='ocrx_word' id='word_1_187' title='bbox 636 2479 675 2501; x_wconf 84' lang='lat' dir='ltr'>ce</span> <span class='ocrx_word' id='word_1_188' title='bbox 697 2470 801 2510; x_wconf 80' lang='lat' dir='ltr'>qu&#39;ils</span> <span class='ocrx_word' id='word_1_189' title='bbox 824 2474 906 2501; x_wconf 90' lang='lat' dir='ltr'>sont</span> <span class='ocrx_word' id='word_1_190' title='bbox 927 2480 990 2511; x_wconf 83' lang='lat' dir='ltr'>par</span> <span class='ocrx_word' id='word_1_191' title='bbox 1012 2471 1057 2501; x_wconf 86' lang='lat' dir='ltr'>tel</span> <span class='ocrx_word' id='word_1_192' title='bbox 1079 2473 1188 2501; x_wconf 74' lang='lat' dir='ltr'>ordre</span> <span class='ocrx_word' id='word_1_193' title='bbox 1211 2471 1450 2502; x_wconf 47' lang='lat' dir='ltr'>mammea...</span> 
     </span>
     <span class='ocr_line' id='line_1_28' title="bbox 312 2529 1205 2569; baseline 0 -8"><span class='ocrx_word' id='word_1_194' title='bbox 312 2530 354 2569; x_wconf 85' lang='lat' dir='ltr'>(l)</span> <span class='ocrx_word' id='word_1_195' title='bbox 524 2530 662 2561; x_wconf 78' lang='lat' dir='ltr'>Guerro</span> <span class='ocrx_word' id='word_1_196' title='bbox 684 2540 703 2560; x_wconf 82' lang='lat' dir='ltr'>a</span> <span class='ocrx_word' id='word_1_197' title='bbox 722 2529 807 2560; x_wconf 78' lang='lat' dir='ltr'>saict</span> <span class='ocrx_word' id='word_1_198' title='bbox 828 2530 962 2561; x_wconf 83' lang='lat' dir='ltr'>mainct</span> <span class='ocrx_word' id='word_1_199' title='bbox 985 2531 1136 2561; x_wconf 78' lang='lat' dir='ltr'>chatclet</span> <span class='ocrx_word' id='word_1_200' title='bbox 1161 2532 1205 2561; x_wconf 79' lang='lat' dir='ltr'>let</span> 
     </span>
    </p>

    <p class='ocr_par' dir='ltr' id='par_1_7' title="bbox 519 2589 1106 2629">
     <span class='ocr_line' id='line_1_29' title="bbox 519 2589 1106 2629; baseline 0 -8"><span class='ocrx_word' id='word_1_201' title='bbox 519 2590 562 2621; x_wconf 89' lang='lat' dir='ltr'>Et</span> <span class='ocrx_word' id='word_1_202' title='bbox 584 2589 739 2620; x_wconf 85' lang='lat' dir='ltr'>maincte</span> <span class='ocrx_word' id='word_1_203' title='bbox 761 2591 880 2620; x_wconf 83' lang='lat' dir='ltr'>bonne</span> <span class='ocrx_word' id='word_1_204' title='bbox 904 2591 987 2621; x_wconf 68' lang='lat' dir='ltr'>ville</span> <span class='ocrx_word' id='word_1_205' title='bbox 1010 2591 1106 2629; x_wconf 76' lang='lat' dir='ltr'>ville,</span> 
     </span>
    </p>

    <p class='ocr_par' dir='ltr' id='par_1_8' title="bbox 314 2648 1493 2749">
     <span class='ocr_line' id='line_1_30' title="bbox 520 2648 1493 2689; baseline 0.001 -10"><span class='ocrx_word' id='word_1_206' title='bbox 520 2649 563 2679; x_wconf 83' lang='lat' dir='ltr'>Et</span> <span class='ocrx_word' id='word_1_207' title='bbox 584 2648 684 2689; x_wconf 71' lang='lat' dir='ltr'>gasto</span> <span class='ocrx_word' id='word_1_208' title='bbox 706 2649 839 2679; x_wconf 85' lang='lat' dir='ltr'>mainct</span> <span class='ocrx_word' id='word_1_209' title='bbox 860 2649 1027 2689; x_wconf 73' lang='lat' dir='ltr'>gardinet</span> <span class='ocrx_word' id='word_1_210' title='bbox 1049 2652 1149 2682; x_wconf 74' lang='lat' dir='ltr'>net...</span> <span class='ocrx_word' id='word_1_211' title='bbox 1173 2648 1238 2688; x_wconf 83' lang='lat' dir='ltr'>(Ex</span> <span class='ocrx_word' id='word_1_212' title='bbox 1259 2648 1364 2680; x_wconf 79' lang='lat' dir='ltr'>Fabri</span> <span class='ocrx_word' id='word_1_213' title='bbox 1383 2649 1493 2689; x_wconf 84' lang='lat' dir='ltr'>Arte).</span> 
     </span>
     <span class='ocr_line' id='line_1_31' title="bbox 314 2708 1226 2749; baseline 0 -10"><span class='ocrx_word' id='word_1_214' title='bbox 314 2708 356 2748; x_wconf 66' lang='lat'>(2)</span> <span class='ocrx_word' id='word_1_215' title='bbox 528 2708 611 2740; x_wconf 76' lang='lat' dir='ltr'>S&#39;en</span> <span class='ocrx_word' id='word_1_216' title='bbox 633 2708 892 2749; x_wconf 83' lang='lat' dir='ltr'>personnaiges</span> <span class='ocrx_word' id='word_1_217' title='bbox 913 2708 984 2740; x_wconf 82' lang='lat' dir='ltr'>l&#39;on</span> <span class='ocrx_word' id='word_1_218' title='bbox 1006 2709 1105 2740; x_wconf 86' lang='lat' dir='ltr'>veult</span> <span class='ocrx_word' id='word_1_219' title='bbox 1126 2708 1226 2739; x_wconf 81' lang='lat' dir='ltr'>faire.</span> 
     </span>
    </p>
   </div>
  </div>
 </body>
</html>
