1788 3055
740 773 1132 822 CONCLUSIO.

297 1045 361 1088 Ex
390 1042 582 1088 Artibus
618 1042 889 1088 Rhetoricae
924 1042 1214 1101 rhythmicae
1247 1055 1272 1088 a
1308 1055 1381 1089 me
1410 1043 1474 1088 ita
1510 1055 1639 1088 sum-

233 1126 393 1173 matim
439 1125 692 1185 exploratis
739 1131 933 1184 apparet
973 1138 1051 1172 eas
1088 1125 1143 1171 ad
1184 1126 1272 1172 hoc
1310 1131 1546 1185 spectare,
1592 1130 1640 1172 ut

231 1209 388 1268 poesis
428 1222 520 1254 non
559 1209 647 1253 vim
687 1208 940 1267 genuinam
978 1208 1057 1255 sed
1095 1208 1293 1255 artificia
1329 1213 1511 1255 tantum
1550 1214 1638 1255 tra-

232 1293 362 1340 dant.
394 1294 458 1339 Ne
486 1293 625 1352 igitur
652 1293 832 1351 aliquid
858 1293 1010 1351 majus
1039 1293 1086 1338 in
1116 1293 1173 1339 iis
1203 1305 1420 1352 quaeras
1442 1292 1639 1352 Saepius

232 1377 541 1436 scriptoribus
580 1376 683 1422 istis
724 1377 833 1422 vitio
870 1377 1064 1423 vertitur
1098 1376 1225 1435 quod
1262 1377 1308 1422 in
1352 1376 1479 1435 poesi
1519 1375 1639 1422 nihil

232 1461 323 1505 nisi
369 1459 583 1506 callidam
627 1460 953 1519 rhythmorum
1000 1472 1316 1518 versuumque
1361 1459 1638 1519 dispositio-

234 1556 338 1590 nem
383 1543 749 1590 aestimaverint.
793 1544 842 1588 In
885 1543 1076 1589 Artibus
1120 1548 1274 1589 tamen
1321 1555 1481 1590 eorum
1519 1542 1639 1588 nihil

232 1627 445 1673 invenias
473 1639 553 1672 cur
586 1627 634 1671 in
672 1627 790 1672 hanc
824 1626 1213 1685 vituperationem
1247 1627 1463 1679 veniant;
1495 1626 1639 1672 immo

233 1711 352 1756 nihil
385 1723 477 1769 quo
517 1710 829 1757 demonstrari
860 1711 1008 1769 possit
1042 1723 1121 1757 eos
1150 1711 1198 1756 in
1226 1710 1384 1756 animo
1413 1710 1639 1757 habuisse

236 1800 284 1840 ut
311 1799 471 1853 poetas
499 1800 709 1840 crearent
738 1810 747 1838 ε
776 1794 863 1840 hoc
889 1793 946 1840 de
974 1794 1148 1853 majore
1170 1799 1291 1840 certe
1318 1806 1477 1840 eorum
1507 1798 1636 1853 parte

234 1877 324 1922 dici
360 1882 527 1936 potest.
571 1877 814 1923 Rationem
852 1876 1147 1923 versificandi
1183 1877 1320 1923 modo
1355 1876 1538 1929 docere,
1569 1875 1639 1923 vel

236 1960 444 2012 libellos,
487 1961 567 2018 qui
605 1965 846 2019 poetarum
880 1960 1132 2007 memoriae
1169 1961 1324 2019 quoad
1361 1959 1633 2019 implicatis-

234 2044 378 2089 simas
407 2056 623 2090 versuum
665 2043 992 2103 fingendorum
1031 2049 1075 2089 et
1109 2044 1231 2090 inter
1268 2056 1317 2090 se
1354 2048 1635 2090 connecten-

232 2127 398 2173 dorum
436 2128 559 2186 leges
603 2127 876 2186 adjumento
914 2132 1098 2176 essent,
1142 2127 1187 2172 in
1230 2127 1368 2173 breve
1408 2131 1639 2173 coarctare

234 2211 322 2257 sibi
342 2216 706 2269 proposuerunt.
729 2211 861 2266 Quod
882 2211 919 2257 si
942 2210 1034 2256 alia.
1062 2211 1107 2256 in
1139 2211 1271 2257 libris
1292 2223 1410 2269 quos
1436 2223 1635 2270 perpen-

233 2294 389 2339 dimus
413 2293 670 2346 desideres,
705 2299 832 2340 tanto
858 2295 1004 2353 magis
1031 2307 1156 2340 erras
1180 2294 1306 2352 quod
1334 2295 1522 2353 saepius
1549 2293 1637 2353 ipsi

233 2378 483 2436 scriptores
530 2378 625 2423 sire
674 2379 720 2423 in
767 2378 1057 2436 praefatione
1102 2378 1198 2424 sive
1245 2377 1290 2422 in
1336 2377 1469 2423 titulo
1511 2377 1639 2436 operi

232 2460 457 2519 inscripto
487 2461 601 2519 quid
632 2461 801 2507 vellent
828 2466 1040 2507 accurate
1067 2460 1448 2520 significaverint.

298 2544 482 2590 Etenim
509 2544 791 2590 Eustachius
820 2544 876 2590 de
906 2544 1118 2603 CampiS‚
1149 2556 1175 2589 a
1200 2556 1293 2602 quo
1322 2543 1640 2590 vetustissima

234 2639 288 2672 ex
325 2626 518 2673 Artibus
565 2639 684 2685 quae
724 2626 783 2672 ad
829 2639 915 2672 nos
961 2631 1275 2686 pervenerunt
1315 2626 1486 2685 scripta
1531 2626 1634 2680 fuit,

236 2714 393 2756 mouet
431 2715 612 2770 poetam
660 2710 839 2756 nullum
883 2710 974 2756 nisi
1015 2714 1183 2756 natura
1226 2708 1353 2764 fieri3
1393 2710 1635 2770 ingenium
