<?xml version="1.0" encoding="UTF-8"?>
<!DOCTYPE html PUBLIC "-//W3C//DTD XHTML 1.0 Transitional//EN"
    "http://www.w3.org/TR/xhtml1/DTD/xhtml1-transitional.dtd">
<html xmlns="http://www.w3.org/1999/xhtml" xml:lang="en" lang="en">
 <head>
  <title>
</title>
<meta http-equiv="Content-Type" content="text/html;charset=utf-8" />
  <meta name='ocr-system' content='tesseract 3.04.00' />
  <meta name='ocr-capabilities' content='ocr_page ocr_carea ocr_par ocr_line ocrx_word'/>
</head>
<body>
  <div class='ocr_page' id='page_1' title='image "./deartibusrhetori00languoft_0083.png"; bbox 0 0 1788 3055; ppageno 0'>
   <div class='ocr_carea' id='block_1_1' title="bbox 125 251 1555 2400">
    <p class='ocr_par' dir='ltr' id='par_1_1' title="bbox 125 251 1538 1152">
     <span class='ocr_line' id='line_1_1' title="bbox 726 251 935 292; baseline -0.01 -11"><span class='ocrx_word' id='word_1_1' title='bbox 726 273 778 281; x_wconf 90' lang='lat'>...</span> <span class='ocrx_word' id='word_1_2' title='bbox 808 251 856 292; x_wconf 83' lang='lat'>73</span> <span class='ocrx_word' id='word_1_3' title='bbox 888 273 935 279; x_wconf 78' lang='grc'>-</span> 
     </span>
     <span class='ocr_line' id='line_1_2' title="bbox 125 340 1532 402; baseline -0.008 -8"><span class='ocrx_word' id='word_1_4' title='bbox 125 348 281 394; x_wconf 79' lang='lat' dir='ltr'>ferret.</span> <span class='ocrx_word' id='word_1_5' title='bbox 314 350 530 392; x_wconf 80' lang='lat' dir='ltr'><strong>Attamen</strong></span> <span class='ocrx_word' id='word_1_6' title='bbox 571 356 664 390; x_wconf 92' lang='lat' dir='ltr'>non</span> <span class='ocrx_word' id='word_1_7' title='bbox 701 343 920 402; x_wconf 82' lang='lat' dir='ltr'>equidem</span> <span class='ocrx_word' id='word_1_8' title='bbox 961 342 1224 400; x_wconf 80' lang='lat' dir='ltr'>negaverim</span> <span class='ocrx_word' id='word_1_9' title='bbox 1266 340 1532 386; x_wconf 84' lang='lat' dir='ltr'>lnfortuna-</span> 
     </span>
     <span class='ocr_line' id='line_1_3' title="bbox 125 421 1536 484; baseline -0.006 -8"><span class='ocrx_word' id='word_1_10' title='bbox 125 435 225 476; x_wconf 91' lang='lat' dir='ltr'>tum</span> <span class='ocrx_word' id='word_1_11' title='bbox 264 428 495 475; x_wconf 88' lang='lat' dir='ltr'>Molinetti</span> <span class='ocrx_word' id='word_1_12' title='bbox 542 426 661 472; x_wconf 94' lang='lat' dir='ltr'>libro</span> <span class='ocrx_word' id='word_1_13' title='bbox 708 427 1009 484; x_wconf 83' lang='lat' dir='ltr'>aliquatenus</span> <span class='ocrx_word' id='word_1_14' title='bbox 1051 436 1189 469; x_wconf 92' lang='lat' dir='ltr'>usum</span> <span class='ocrx_word' id='word_1_15' title='bbox 1233 435 1353 469; x_wconf 85' lang='lat' dir='ltr'>esse.</span> <span class='ocrx_word' id='word_1_16' title='bbox 1401 421 1536 467; x_wconf 84' lang='lat' dir='ltr'>Haud</span> 
     </span>
     <span class='ocr_line' id='line_1_4' title="bbox 126 505 1538 568; baseline -0.006 -10"><span class='ocrx_word' id='word_1_17' title='bbox 126 512 252 559; x_wconf 90' lang='lat' dir='ltr'>enim</span> <span class='ocrx_word' id='word_1_18' title='bbox 298 523 433 557; x_wconf 90' lang='lat' dir='ltr'>secus</span> <span class='ocrx_word' id='word_1_19' title='bbox 473 514 614 568; x_wconf 84' lang='lat' dir='ltr'>atque</span> <span class='ocrx_word' id='word_1_20' title='bbox 653 509 732 555; x_wconf 92' lang='lat' dir='ltr'>ille</span> <span class='ocrx_word' id='word_1_21' title='bbox 771 509 885 554; x_wconf 85' lang='lat' dir='ltr'>haec</span> <span class='ocrx_word' id='word_1_22' title='bbox 919 507 1167 566; x_wconf 83' lang='lat' dir='ltr'>praecipit,</span> <span class='ocrx_word' id='word_1_23' title='bbox 1200 511 1250 552; x_wconf 89' lang='lat' dir='ltr'>ut</span> <span class='ocrx_word' id='word_1_24' title='bbox 1277 505 1538 564; x_wconf 79' lang='lat' dir='ltr'>negligatur</span> 
     </span>
     <span class='ocr_line' id='line_1_5' title="bbox 126 589 1534 654; baseline -0.006 -13"><span class='ocrx_word' id='word_1_25' title='bbox 126 595 377 654; x_wconf 79' lang='lat' dir='ltr'>rhythmus</span> <span class='ocrx_word' id='word_1_26' title='bbox 406 593 558 639; x_wconf 88' lang='lat' dir='ltr'>dictus</span> <span class='ocrx_word' id='word_1_27' title='bbox 591 591 647 636; x_wconf 80' lang='lat' dir='ltr'>de</span> <span class='ocrx_word' id='word_1_28' title='bbox 677 595 827 651; x_wconf 53' lang='grc' dir='ltr'>φονεύ,</span> <span class='ocrx_word' id='word_1_29' title='bbox 859 595 1082 648; x_wconf 87' lang='lat' dir='ltr'>tanquam</span> <span class='ocrx_word' id='word_1_30' title='bbox 1120 590 1224 635; x_wconf 91' lang='lat' dir='ltr'>istis</span> <span class='ocrx_word' id='word_1_31' title='bbox 1260 589 1534 646; x_wconf 86' lang='lat' dir='ltr'>relinquen-</span> 
     </span>
     <span class='ocr_line' id='line_1_6' title="bbox 128 670 1537 735; baseline -0.006 -11"><span class='ocrx_word' id='word_1_32' title='bbox 128 677 217 724; x_wconf 90' lang='lat' dir='ltr'>dus</span> <span class='ocrx_word' id='word_1_33' title='bbox 240 688 359 735; x_wconf 88' lang='lat' dir='ltr'>quos</span> <span class='ocrx_word' id='word_1_34' title='bbox 387 689 581 720; x_wconf 76' lang='lat' dir='ltr'>rurauoe</span> <span class='ocrx_word' id='word_1_35' title='bbox 607 675 814 734; x_wconf 85' lang='lat' dir='ltr'>appellat</span> <span class='ocrx_word' id='word_1_36' title='bbox 844 672 904 734; x_wconf 81' lang='lat' dir='ltr'>(l)</span> <span class='ocrx_word' id='word_1_37' title='bbox 924 710 934 725; x_wconf 90' lang='lat'>‚</span> <span class='ocrx_word' id='word_1_38' title='bbox 960 677 1315 730; x_wconf 83' lang='lat' dir='ltr'>struanturque,</span> <span class='ocrx_word' id='word_1_39' title='bbox 1353 683 1445 729; x_wconf 91' lang='lat' dir='ltr'>quo</span> <span class='ocrx_word' id='word_1_40' title='bbox 1474 670 1537 716; x_wconf 81' lang='lat' dir='ltr'>fa-</span> 
     </span>
     <span class='ocr_line' id='line_1_7' title="bbox 128 755 1538 818; baseline -0.004 -13"><span class='ocrx_word' id='word_1_41' title='bbox 128 760 264 806; x_wconf 90' lang='lat' dir='ltr'>cilius</span> <span class='ocrx_word' id='word_1_42' title='bbox 302 757 569 818; x_wconf 77' lang='lat' dir='ltr'>suppeditet</span> <span class='ocrx_word' id='word_1_43' title='bbox 605 758 933 818; x_wconf 83' lang='lat' dir='ltr'>rhythmorum</span> <span class='ocrx_word' id='word_1_44' title='bbox 972 755 1128 815; x_wconf 84' lang='lat' dir='ltr'>copia,</span> <span class='ocrx_word' id='word_1_45' title='bbox 1162 766 1296 800; x_wconf 87' lang='lat' dir='ltr'>voces</span> <span class='ocrx_word' id='word_1_46' title='bbox 1333 765 1481 800; x_wconf 82' lang='lat' dir='ltr'>novae</span> <span class='ocrx_word' id='word_1_47' title='bbox 1515 766 1538 800; x_wconf 87' lang='lat' dir='ltr'>e</span> 
     </span>
     <span class='ocr_line' id='line_1_8' title="bbox 129 836 1537 902; baseline -0.005 -13"><span class='ocrx_word' id='word_1_48' title='bbox 129 842 425 902; x_wconf 80' lang='lat' dir='ltr'>simplicibus</span> <span class='ocrx_word' id='word_1_49' title='bbox 453 842 664 894; x_wconf 88' lang='lat' dir='ltr'>vocibus,</span> <span class='ocrx_word' id='word_1_50' title='bbox 695 841 856 887; x_wconf 84' lang='lat' dir='ltr'>addita</span> <span class='ocrx_word' id='word_1_51' title='bbox 886 853 980 886; x_wconf 84' lang='lat' dir='ltr'>una</span> <span class='ocrx_word' id='word_1_52' title='bbox 1007 852 1031 886; x_wconf 93' lang='lat' dir='ltr'>e</span> <span class='ocrx_word' id='word_1_53' title='bbox 1060 839 1301 898; x_wconf 77' lang='lat' dir='ltr'>particulis</span> <span class='ocrx_word' id='word_1_54' title='bbox 1326 852 1437 897; x_wconf 75' lang='lat' dir='ltr'>par,</span> <span class='ocrx_word' id='word_1_55' title='bbox 1461 836 1537 892; x_wconf 75' lang='lat' dir='ltr'>de,</span> 
     </span>
     <span class='ocr_line' id='line_1_9' title="bbox 128 921 1538 986; baseline -0.003 -16"><span class='ocrx_word' id='word_1_56' title='bbox 128 925 223 986; x_wconf 77' lang='lat' dir='ltr'>dis,</span> <span class='ocrx_word' id='word_1_57' title='bbox 254 939 362 979; x_wconf 77' lang='lat' dir='ltr'>con,</span> <span class='ocrx_word' id='word_1_58' title='bbox 392 923 498 977; x_wconf 80' lang='lat' dir='ltr'>sub,</span> <span class='ocrx_word' id='word_1_59' title='bbox 526 939 579 970; x_wconf 71' lang='lat' dir='ltr'>re</span> <span class='ocrx_word' id='word_1_60' title='bbox 611 923 695 985; x_wconf 74' lang='lat'>(⁶2).</span> <span class='ocrx_word' id='word_1_61' title='bbox 729 924 986 970; x_wconf 82' lang='lat' dir='ltr'>Prohibent</span> <span class='ocrx_word' id='word_1_62' title='bbox 1021 923 1159 969; x_wconf 86' lang='lat' dir='ltr'>etiam</span> <span class='ocrx_word' id='word_1_63' title='bbox 1199 922 1337 968; x_wconf 82' lang='lat' dir='ltr'>ambo</span> <span class='ocrx_word' id='word_1_64' title='bbox 1378 921 1538 967; x_wconf 87' lang='lat' dir='ltr'>verbo-</span> 
     </span>
     <span class='ocr_line' id='line_1_10' title="bbox 129 1004 1538 1069; baseline -0.003 -15"><span class='ocrx_word' id='word_1_65' title='bbox 129 1022 232 1055; x_wconf 87' lang='lat' dir='ltr'>rum</span> <span class='ocrx_word' id='word_1_66' title='bbox 249 1009 520 1056; x_wconf 87' lang='lat' dir='ltr'>iterationes</span> <span class='ocrx_word' id='word_1_67' title='bbox 543 1007 744 1069; x_wconf 74' lang='lat' dir='ltr'>(redz&#39;tes)</span> <span class='ocrx_word' id='word_1_68' title='bbox 764 1013 807 1054; x_wconf 89' lang='lat' dir='ltr'>et</span> <span class='ocrx_word' id='word_1_69' title='bbox 824 1007 1041 1054; x_wconf 91' lang='lat' dir='ltr'>eumdem</span> <span class='ocrx_word' id='word_1_70' title='bbox 1065 1011 1303 1053; x_wconf 84' lang='lat' dir='ltr'>sectantur</span> <span class='ocrx_word' id='word_1_71' title='bbox 1323 1004 1538 1051; x_wconf 90' lang='lat' dir='ltr'>ordinem</span> 
     </span>
     <span class='ocr_line' id='line_1_11' title="bbox 131 1089 1246 1152; baseline -0.004 -13"><span class='ocrx_word' id='word_1_72' title='bbox 131 1105 236 1139; x_wconf 86' lang='lat' dir='ltr'>cum</span> <span class='ocrx_word' id='word_1_73' title='bbox 262 1097 407 1152; x_wconf 81' lang='lat' dir='ltr'>agunt</span> <span class='ocrx_word' id='word_1_74' title='bbox 435 1091 492 1138; x_wconf 92' lang='lat' dir='ltr'>de</span> <span class='ocrx_word' id='word_1_75' title='bbox 521 1091 659 1138; x_wconf 85' lang='lat' dir='ltr'>variis</span> <span class='ocrx_word' id='word_1_76' title='bbox 683 1095 952 1150; x_wconf 83' lang='lat' dir='ltr'>poematum</span> <span class='ocrx_word' id='word_1_77' title='bbox 983 1089 1246 1149; x_wconf 81' lang='lat' dir='ltr'>speciebus,</span> 
     </span>
    </p>

    <p class='ocr_par' dir='ltr' id='par_1_2' title="bbox 133 1171 1542 1318">
     <span class='ocr_line' id='line_1_12' title="bbox 197 1171 1542 1234; baseline -0.004 -13"><span class='ocrx_word' id='word_1_78' title='bbox 197 1176 395 1234; x_wconf 84' lang='lat' dir='ltr'>Saepius</span> <span class='ocrx_word' id='word_1_79' title='bbox 423 1179 580 1220; x_wconf 85' lang='lat' dir='ltr'>tamen</span> <span class='ocrx_word' id='word_1_80' title='bbox 611 1174 657 1219; x_wconf 92' lang='lat' dir='ltr'>in</span> <span class='ocrx_word' id='word_1_81' title='bbox 687 1174 896 1220; x_wconf 83' lang='lat' dir='ltr'>diversas</span> <span class='ocrx_word' id='word_1_82' title='bbox 932 1173 1132 1219; x_wconf 88' lang='lat' dir='ltr'>tendunt</span> <span class='ocrx_word' id='word_1_83' title='bbox 1165 1177 1320 1231; x_wconf 82' lang='lat' dir='ltr'>partes</span> <span class='ocrx_word' id='word_1_84' title='bbox 1353 1171 1445 1216; x_wconf 87' lang='lat' dir='ltr'>duo</span> <span class='ocrx_word' id='word_1_85' title='bbox 1474 1171 1542 1216; x_wconf 89' lang='lat' dir='ltr'>illi</span> 
     </span>
     <span class='ocr_line' id='line_1_13' title="bbox 133 1255 1400 1318; baseline -0.005 -13"><span class='ocrx_word' id='word_1_86' title='bbox 133 1260 408 1318; x_wconf 88' lang='lat' dir='ltr'>scriptores,</span> <span class='ocrx_word' id='word_1_87' title='bbox 442 1263 491 1304; x_wconf 90' lang='lat' dir='ltr'>ut</span> <span class='ocrx_word' id='word_1_88' title='bbox 519 1263 631 1317; x_wconf 87' lang='lat' dir='ltr'>puta</span> <span class='ocrx_word' id='word_1_89' title='bbox 659 1270 763 1304; x_wconf 92' lang='lat' dir='ltr'>cum</span> <span class='ocrx_word' id='word_1_90' title='bbox 795 1256 860 1301; x_wconf 63' lang='lat' dir='ltr'>lai</span> <span class='ocrx_word' id='word_1_91' title='bbox 885 1262 929 1303; x_wconf 92' lang='lat' dir='ltr'>et</span> <span class='ocrx_word' id='word_1_92' title='bbox 955 1255 1125 1300; x_wconf 61' lang='lat' dir='ltr'>vio-elai</span> <span class='ocrx_word' id='word_1_93' title='bbox 1148 1255 1400 1302; x_wconf 83' lang='lat' dir='ltr'>definiunt.</span> 
     </span>
    </p>

    <p class='ocr_par' dir='ltr' id='par_1_3' title="bbox 134 1338 1549 1972">
     <span class='ocr_line' id='line_1_14' title="bbox 199 1338 1543 1398; baseline -0.004 -10"><span class='ocrx_word' id='word_1_94' title='bbox 199 1342 544 1388; x_wconf 81' lang='lat' dir='ltr'>infortunatum</span> <span class='ocrx_word' id='word_1_95' title='bbox 570 1354 673 1388; x_wconf 88' lang='lat' dir='ltr'>vero</span> <span class='ocrx_word' id='word_1_96' title='bbox 697 1353 861 1387; x_wconf 89' lang='lat' dir='ltr'>omnes</span> <span class='ocrx_word' id='word_1_97' title='bbox 890 1340 970 1398; x_wconf 83' lang='lat' dir='ltr'>qui</span> <span class='ocrx_word' id='word_1_98' title='bbox 1000 1339 1130 1398; x_wconf 89' lang='lat' dir='ltr'>prius</span> <span class='ocrx_word' id='word_1_99' title='bbox 1158 1351 1211 1385; x_wconf 90' lang='lat' dir='ltr'>ea</span> <span class='ocrx_word' id='word_1_100' title='bbox 1239 1338 1297 1384; x_wconf 89' lang='lat' dir='ltr'>de</span> <span class='ocrx_word' id='word_1_101' title='bbox 1325 1350 1372 1385; x_wconf 93' lang='lat' dir='ltr'>re</span> <span class='ocrx_word' id='word_1_102' title='bbox 1399 1338 1543 1396; x_wconf 87' lang='lat' dir='ltr'>scrip·</span> 
     </span>
     <span class='ocr_line' id='line_1_15' title="bbox 134 1420 1546 1483; baseline -0.003 -12"><span class='ocrx_word' id='word_1_103' title='bbox 134 1429 293 1471; x_wconf 83' lang='lat' dir='ltr'>serant</span> <span class='ocrx_word' id='word_1_104' title='bbox 320 1425 486 1470; x_wconf 89' lang='lat' dir='ltr'>vicisse</span> <span class='ocrx_word' id='word_1_105' title='bbox 513 1437 567 1470; x_wconf 81' lang='lat' dir='ltr'>ex</span> <span class='ocrx_word' id='word_1_106' title='bbox 595 1437 648 1470; x_wconf 89' lang='lat' dir='ltr'>eo</span> <span class='ocrx_word' id='word_1_107' title='bbox 677 1424 950 1483; x_wconf 85' lang='lat' dir='ltr'>praesertim</span> <span class='ocrx_word' id='word_1_108' title='bbox 980 1423 1280 1468; x_wconf 84' lang='lat' dir='ltr'>manifestum</span> <span class='ocrx_word' id='word_1_109' title='bbox 1305 1427 1391 1474; x_wconf 93' lang='lat' dir='ltr'>est,</span> <span class='ocrx_word' id='word_1_110' title='bbox 1418 1420 1546 1480; x_wconf 88' lang='lat' dir='ltr'>quod</span> 
     </span>
     <span class='ocr_line' id='line_1_16' title="bbox 135 1506 1544 1566; baseline -0.003 -12"><span class='ocrx_word' id='word_1_111' title='bbox 135 1509 252 1554; x_wconf 85' lang='lat' dir='ltr'>ratio</span> <span class='ocrx_word' id='word_1_112' title='bbox 282 1508 501 1554; x_wconf 89' lang='lat' dir='ltr'>universa</span> <span class='ocrx_word' id='word_1_113' title='bbox 527 1507 634 1554; x_wconf 90' lang='lat' dir='ltr'>libri</span> <span class='ocrx_word' id='word_1_114' title='bbox 664 1508 812 1566; x_wconf 84' lang='lat' dir='ltr'>magis</span> <span class='ocrx_word' id='word_1_115' title='bbox 841 1513 938 1558; x_wconf 91' lang='lat' dir='ltr'>est,</span> <span class='ocrx_word' id='word_1_116' title='bbox 964 1512 1013 1552; x_wconf 89' lang='lat' dir='ltr'>ut</span> <span class='ocrx_word' id='word_1_117' title='bbox 1041 1508 1104 1552; x_wconf 84' lang='lat' dir='ltr'>ita</span> <span class='ocrx_word' id='word_1_118' title='bbox 1133 1506 1302 1557; x_wconf 83' lang='lat' dir='ltr'>dicam,</span> <span class='ocrx_word' id='word_1_119' title='bbox 1328 1517 1544 1564; x_wconf 83' lang='lat' dir='ltr'>praecep-</span> 
     </span>
     <span class='ocr_line' id='line_1_17' title="bbox 135 1589 1543 1650; baseline -0.004 -12"><span class='ocrx_word' id='word_1_120' title='bbox 135 1593 254 1644; x_wconf 82' lang='lat' dir='ltr'>tiva,</span> <span class='ocrx_word' id='word_1_121' title='bbox 290 1592 429 1638; x_wconf 88' lang='lat' dir='ltr'>simul</span> <span class='ocrx_word' id='word_1_122' title='bbox 459 1591 586 1650; x_wconf 88' lang='lat' dir='ltr'>quod</span> <span class='ocrx_word' id='word_1_123' title='bbox 622 1592 723 1650; x_wconf 91' lang='lat' dir='ltr'>ipse</span> <span class='ocrx_word' id='word_1_124' title='bbox 752 1596 796 1637; x_wconf 88' lang='lat' dir='ltr'>et</span> <span class='ocrx_word' id='word_1_125' title='bbox 834 1590 987 1649; x_wconf 79' lang='lat' dir='ltr'>magni</span> <span class='ocrx_word' id='word_1_126' title='bbox 1019 1589 1250 1648; x_wconf 89' lang='lat' dir='ltr'>poeticum</span> <span class='ocrx_word' id='word_1_127' title='bbox 1281 1600 1543 1635; x_wconf 91' lang='lat' dir='ltr'>sermonem</span> 
     </span>
     <span class='ocr_line' id='line_1_18' title="bbox 136 1672 1547 1732; baseline -0.004 -10"><span class='ocrx_word' id='word_1_128' title='bbox 136 1676 385 1722; x_wconf 79' lang='lat' dir='ltr'>aestimare</span> <span class='ocrx_word' id='word_1_129' title='bbox 431 1674 636 1726; x_wconf 88' lang='lat' dir='ltr'>videtur,</span> <span class='ocrx_word' id='word_1_130' title='bbox 667 1679 712 1720; x_wconf 92' lang='lat' dir='ltr'>et</span> <span class='ocrx_word' id='word_1_131' title='bbox 756 1674 975 1732; x_wconf 78' lang='lat' dir='ltr'>rhythmo</span> <span class='ocrx_word' id='word_1_132' title='bbox 1019 1672 1403 1732; x_wconf 87' lang='lat' dir='ltr'>anteponendum</span> <span class='ocrx_word' id='word_1_133' title='bbox 1444 1683 1547 1717; x_wconf 88' lang='lat' dir='ltr'>esse</span> 
     </span>
     <span class='ocr_line' id='line_1_19' title="bbox 138 1756 1548 1813; baseline -0.004 -8"><span class='ocrx_word' id='word_1_134' title='bbox 138 1771 329 1805; x_wconf 88' lang='lat' dir='ltr'>sensum</span> <span class='ocrx_word' id='word_1_135' title='bbox 378 1763 422 1804; x_wconf 94' lang='lat' dir='ltr'>et</span> <span class='ocrx_word' id='word_1_136' title='bbox 463 1758 552 1803; x_wconf 88' lang='lat' dir='ltr'>vim</span> <span class='ocrx_word' id='word_1_137' title='bbox 594 1757 935 1803; x_wconf 85' lang='lat' dir='ltr'>sententiarum</span> <span class='ocrx_word' id='word_1_138' title='bbox 974 1756 1245 1802; x_wconf 79' lang='lat' dir='ltr'>arbitratur.</span> <span class='ocrx_word' id='word_1_139' title='bbox 1287 1756 1548 1813; x_wconf 84' lang='lat' dir='ltr'>Praepollet</span> 
     </span>
     <span class='ocr_line' id='line_1_20' title="bbox 138 1838 1549 1900; baseline -0.004 -12"><span class='ocrx_word' id='word_1_140' title='bbox 138 1842 346 1900; x_wconf 87' lang='lat' dir='ltr'>denique</span> <span class='ocrx_word' id='word_1_141' title='bbox 373 1841 539 1887; x_wconf 91' lang='lat' dir='ltr'>ultimo</span> <span class='ocrx_word' id='word_1_142' title='bbox 569 1840 724 1899; x_wconf 83' lang='lat' dir='ltr'>operis</span> <span class='ocrx_word' id='word_1_143' title='bbox 763 1840 913 1898; x_wconf 78' lang='lat' dir='ltr'>capite</span> <span class='ocrx_word' id='word_1_144' title='bbox 941 1839 1019 1885; x_wconf 88' lang='lat' dir='ltr'>ubi</span> <span class='ocrx_word' id='word_1_145' title='bbox 1050 1839 1107 1885; x_wconf 93' lang='lat' dir='ltr'>de</span> <span class='ocrx_word' id='word_1_146' title='bbox 1141 1839 1313 1884; x_wconf 85' lang='lat' dir='ltr'>fabulis</span> <span class='ocrx_word' id='word_1_147' title='bbox 1340 1838 1549 1896; x_wconf 87' lang='lat' dir='ltr'>loquitur</span> 
     </span>
     <span class='ocr_line' id='line_1_21' title="bbox 139 1925 430 1972; baseline -0.007 0"><span class='ocrx_word' id='word_1_148' title='bbox 139 1925 430 1972; x_wconf 84' lang='lat' dir='ltr'>dramaticis.</span> 
     </span>
    </p>

    <p class='ocr_par' dir='ltr' id='par_1_4' title="bbox 140 2006 1555 2400">
     <span class='ocr_line' id='line_1_22' title="bbox 206 2006 1550 2066; baseline -0.003 -12"><span class='ocrx_word' id='word_1_149' title='bbox 206 2008 428 2065; x_wconf 84' lang='lat' dir='ltr'>Quamvis</span> <span class='ocrx_word' id='word_1_150' title='bbox 466 2013 620 2054; x_wconf 84' lang='lat' dir='ltr'>aulem</span> <span class='ocrx_word' id='word_1_151' title='bbox 660 2007 917 2066; x_wconf 90' lang='lat' dir='ltr'>impeditus</span> <span class='ocrx_word' id='word_1_152' title='bbox 955 2006 1101 2053; x_wconf 86' lang='lat' dir='ltr'>fuisse</span> <span class='ocrx_word' id='word_1_153' title='bbox 1141 2006 1352 2052; x_wconf 85' lang='lat' dir='ltr'>videatur</span> <span class='ocrx_word' id='word_1_154' title='bbox 1389 2017 1550 2052; x_wconf 87' lang='lat' dir='ltr'>versus</span> 
     </span>
     <span class='ocr_line' id='line_1_23' title="bbox 140 2087 1553 2152; baseline -0.004 -14"><span class='ocrx_word' id='word_1_155' title='bbox 140 2091 372 2151; x_wconf 85' lang='lat' dir='ltr'>angustiis</span> <span class='ocrx_word' id='word_1_156' title='bbox 411 2095 522 2152; x_wconf 74' lang='lat' dir='ltr'>(quo</span> <span class='ocrx_word' id='word_1_157' title='bbox 562 2090 614 2136; x_wconf 83' lang='lat' dir='ltr'>fit</span> <span class='ocrx_word' id='word_1_158' title='bbox 652 2096 726 2142; x_wconf 87' lang='lat' dir='ltr'>ut,</span> <span class='ocrx_word' id='word_1_159' title='bbox 763 2103 867 2136; x_wconf 89' lang='lat' dir='ltr'>cum</span> <span class='ocrx_word' id='word_1_160' title='bbox 908 2089 1021 2148; x_wconf 87' lang='lat' dir='ltr'>quid</span> <span class='ocrx_word' id='word_1_161' title='bbox 1061 2089 1260 2136; x_wconf 86' lang='lat' dir='ltr'>definire</span> <span class='ocrx_word' id='word_1_162' title='bbox 1296 2088 1431 2142; x_wconf 89' lang='lat' dir='ltr'>velit,</span> <span class='ocrx_word' id='word_1_163' title='bbox 1472 2087 1553 2133; x_wconf 86' lang='lat' dir='ltr'>fiat</span> 
     </span>
     <span class='ocr_line' id='line_1_24' title="bbox 141 2168 1552 2231; baseline -0.004 -11"><span class='ocrx_word' id='word_1_164' title='bbox 141 2175 371 2221; x_wconf 90' lang='lat' dir='ltr'>obscurus</span> <span class='ocrx_word' id='word_1_165' title='bbox 394 2179 438 2220; x_wconf 90' lang='lat' dir='ltr'>et</span> <span class='ocrx_word' id='word_1_166' title='bbox 461 2174 532 2219; x_wconf 77' lang='lat' dir='ltr'>vix</span> <span class='ocrx_word' id='word_1_167' title='bbox 557 2174 696 2220; x_wconf 82' lang='lat' dir='ltr'>etiam</span> <span class='ocrx_word' id='word_1_168' title='bbox 726 2172 982 2231; x_wconf 79' lang='lat' dir='ltr'>aliquando</span> <span class='ocrx_word' id='word_1_169' title='bbox 1010 2172 1216 2230; x_wconf 76' lang='lat' dir='ltr'>intellegi</span> <span class='ocrx_word' id='word_1_170' title='bbox 1248 2168 1435 2230; x_wconf 89' lang='lat' dir='ltr'>possit),</span> <span class='ocrx_word' id='word_1_171' title='bbox 1467 2170 1552 2216; x_wconf 92' lang='lat' dir='ltr'>mi·</span> 
     </span>
     <span class='ocr_line' id='line_1_25' title="bbox 142 2253 1555 2314; baseline -0.004 -10"><span class='ocrx_word' id='word_1_172' title='bbox 142 2258 270 2305; x_wconf 90' lang='lat' dir='ltr'>nime</span> <span class='ocrx_word' id='word_1_173' title='bbox 296 2263 448 2304; x_wconf 80' lang='lat' dir='ltr'>tamen</span> <span class='ocrx_word' id='word_1_174' title='bbox 486 2257 682 2303; x_wconf 89' lang='lat' dir='ltr'>dubium</span> <span class='ocrx_word' id='word_1_175' title='bbox 713 2261 783 2303; x_wconf 89' lang='lat' dir='ltr'>est</span> <span class='ocrx_word' id='word_1_176' title='bbox 817 2257 932 2314; x_wconf 85' lang='lat' dir='ltr'>quin</span> <span class='ocrx_word' id='word_1_177' title='bbox 963 2256 1164 2301; x_wconf 78' lang='lat' dir='ltr'>maxime</span> <span class='ocrx_word' id='word_1_178' title='bbox 1191 2254 1402 2300; x_wconf 89' lang='lat' dir='ltr'>floruerit</span> <span class='ocrx_word' id='word_1_179' title='bbox 1436 2253 1555 2299; x_wconf 92' lang='lat' dir='ltr'>liber</span> 
     </span>
     <span class='ocr_line' id='line_1_26' title="bbox 142 2336 1553 2400; baseline -0.004 -13"><span class='ocrx_word' id='word_1_180' title='bbox 142 2341 244 2400; x_wconf 90' lang='lat' dir='ltr'>ejus</span> <span class='ocrx_word' id='word_1_181' title='bbox 291 2340 530 2400; x_wconf 89' lang='lat' dir='ltr'>plerisque</span> <span class='ocrx_word' id='word_1_182' title='bbox 583 2339 966 2399; x_wconf 83' lang='lat' dir='ltr'>probatissimus.</span> <span class='ocrx_word' id='word_1_183' title='bbox 1024 2337 1157 2393; x_wconf 91' lang='lat' dir='ltr'>Quod</span> <span class='ocrx_word' id='word_1_184' title='bbox 1209 2337 1357 2395; x_wconf 87' lang='lat' dir='ltr'>liquet</span> <span class='ocrx_word' id='word_1_185' title='bbox 1408 2336 1553 2382; x_wconf 91' lang='lat' dir='ltr'>cuivis</span> 
     </span>
    </p>
   </div>
   <div class='ocr_carea' id='block_1_2' title="bbox 148 2525 1555 2808">
    <p class='ocr_par' dir='ltr' id='par_1_5' title="bbox 148 2525 1555 2687">
     <span class='ocr_line' id='line_1_27' title="bbox 187 2525 1555 2568; baseline -0.003 -9"><span class='ocrx_word' id='word_1_186' title='bbox 187 2528 230 2568; x_wconf 78' lang='lat'>(1)</span> <span class='ocrx_word' id='word_1_187' title='bbox 248 2528 458 2559; x_wconf 81' lang='lat' dir='ltr'>Molinettus</span> <span class='ocrx_word' id='word_1_188' title='bbox 479 2528 620 2558; x_wconf 83' lang='lat' dir='ltr'>dixerat</span> <span class='ocrx_word' id='word_1_189' title='bbox 640 2537 645 2558; x_wconf 89' lang='lat'>:</span> <span class='ocrx_word' id='word_1_190' title='bbox 671 2539 684 2555; x_wconf 72' lang='grc' dir='ltr'>α</span> <span class='ocrx_word' id='word_1_191' title='bbox 705 2527 794 2558; x_wconf 81' lang='lat' dir='ltr'>Mais</span> <span class='ocrx_word' id='word_1_192' title='bbox 817 2527 877 2566; x_wconf 73' lang='lat' dir='ltr'>qui</span> <span class='ocrx_word' id='word_1_193' title='bbox 896 2526 994 2557; x_wconf 78' lang='lat' dir='ltr'>veult</span> <span class='ocrx_word' id='word_1_194' title='bbox 1013 2526 1221 2566; x_wconf 80' lang='lat' dir='ltr'>practiquer</span> <span class='ocrx_word' id='word_1_195' title='bbox 1241 2526 1274 2555; x_wconf 83' lang='lat' dir='ltr'>la</span> <span class='ocrx_word' id='word_1_196' title='bbox 1293 2525 1436 2556; x_wconf 86' lang='lat' dir='ltr'>science</span> <span class='ocrx_word' id='word_1_197' title='bbox 1454 2525 1555 2555; x_wconf 81' lang='lat' dir='ltr'>choi-</span> 
     </span>
     <span class='ocr_line' id='line_1_28' title="bbox 148 2584 1554 2627; baseline -0.003 -9"><span class='ocrx_word' id='word_1_198' title='bbox 148 2588 239 2618; x_wconf 86' lang='lat' dir='ltr'>sisse</span> <span class='ocrx_word' id='word_1_199' title='bbox 268 2587 427 2627; x_wconf 83' lang='lat' dir='ltr'>plaisans</span> <span class='ocrx_word' id='word_1_200' title='bbox 458 2587 702 2627; x_wconf 79' lang='lat' dir='ltr'>equivoques,</span> <span class='ocrx_word' id='word_1_201' title='bbox 729 2591 860 2617; x_wconf 85' lang='lat' dir='ltr'>termes</span> <span class='ocrx_word' id='word_1_202' title='bbox 888 2585 1101 2622; x_wconf 83' lang='lat' dir='ltr'>leonismes,</span> <span class='ocrx_word' id='word_1_203' title='bbox 1124 2588 1159 2615; x_wconf 87' lang='lat' dir='ltr'>et</span> <span class='ocrx_word' id='word_1_204' title='bbox 1183 2585 1291 2615; x_wconf 83' lang='lat' dir='ltr'>laisse</span> <span class='ocrx_word' id='word_1_205' title='bbox 1314 2585 1366 2615; x_wconf 88' lang='lat' dir='ltr'>les</span> <span class='ocrx_word' id='word_1_206' title='bbox 1393 2584 1554 2625; x_wconf 84' lang='lat' dir='ltr'>bergiers</span> 
     </span>
     <span class='ocr_line' id='line_1_29' title="bbox 149 2644 1339 2687; baseline -0.003 -10"><span class='ocrx_word' id='word_1_207' title='bbox 149 2646 212 2677; x_wconf 88' lang='lat' dir='ltr'>des</span> <span class='ocrx_word' id='word_1_208' title='bbox 233 2646 379 2687; x_wconf 87' lang='lat' dir='ltr'>champs</span> <span class='ocrx_word' id='word_1_209' title='bbox 398 2655 482 2678; x_wconf 85' lang='lat' dir='ltr'>usor</span> <span class='ocrx_word' id='word_1_210' title='bbox 503 2646 547 2677; x_wconf 85' lang='lat' dir='ltr'>de</span> <span class='ocrx_word' id='word_1_211' title='bbox 568 2647 646 2677; x_wconf 90' lang='lat' dir='ltr'>leur</span> <span class='ocrx_word' id='word_1_212' title='bbox 667 2645 859 2684; x_wconf 86' lang='lat' dir='ltr'>theorique</span> <span class='ocrx_word' id='word_1_213' title='bbox 885 2648 919 2674; x_wconf 82' lang='lat' dir='ltr'>et</span> <span class='ocrx_word' id='word_1_214' title='bbox 941 2644 1150 2683; x_wconf 84' lang='lat' dir='ltr'>rhetorique</span> <span class='ocrx_word' id='word_1_215' title='bbox 1171 2644 1300 2674; x_wconf 17' lang='lat' dir='ltr'>rurale(</span> <span class='ocrx_word' id='word_1_216' title='bbox 1325 2655 1339 2673; x_wconf 88' lang='lat'>»</span> 
     </span>
    </p>

    <p class='ocr_par' dir='ltr' id='par_1_6' title="bbox 151 2703 1554 2808">
     <span class='ocr_line' id='line_1_30' title="bbox 193 2703 1554 2746; baseline -0.003 -9"><span class='ocrx_word' id='word_1_217' title='bbox 193 2705 234 2746; x_wconf 63' lang='lat'>(⁶2)</span> <span class='ocrx_word' id='word_1_218' title='bbox 264 2706 474 2737; x_wconf 84' lang='lat' dir='ltr'>Molinettus</span> <span class='ocrx_word' id='word_1_219' title='bbox 500 2716 506 2737; x_wconf 89' lang='lat'><strong>:</strong></span> <span class='ocrx_word' id='word_1_220' title='bbox 538 2717 552 2736; x_wconf 87' lang='lat'>«</span> <span class='ocrx_word' id='word_1_221' title='bbox 581 2706 836 2737; x_wconf 83' lang='lat' dir='ltr'>Pareillement</span> <span class='ocrx_word' id='word_1_222' title='bbox 861 2704 937 2735; x_wconf 82' lang='lat' dir='ltr'>doit</span> <span class='ocrx_word' id='word_1_223' title='bbox 963 2704 995 2735; x_wconf 90' lang='lat' dir='ltr'>le</span> <span class='ocrx_word' id='word_1_224' title='bbox 1022 2704 1162 2735; x_wconf 72' lang='lat' dir='ltr'>factem·</span> <span class='ocrx_word' id='word_1_225' title='bbox 1182 2704 1304 2744; x_wconf 86' lang='lat' dir='ltr'>querir</span> <span class='ocrx_word' id='word_1_226' title='bbox 1331 2707 1366 2734; x_wconf 85' lang='lat' dir='ltr'>et</span> <span class='ocrx_word' id='word_1_227' title='bbox 1391 2703 1554 2734; x_wconf 84' lang='lat' dir='ltr'>serchier</span> 
     </span>
     <span class='ocr_line' id='line_1_31' title="bbox 151 2765 1552 2808; baseline -0.004 -10"><span class='ocrx_word' id='word_1_228' title='bbox 151 2776 288 2798; x_wconf 80' lang='lat' dir='ltr'>aucuns</span> <span class='ocrx_word' id='word_1_229' title='bbox 308 2776 390 2799; x_wconf 88' lang='lat' dir='ltr'>vers</span> <span class='ocrx_word' id='word_1_230' title='bbox 412 2776 602 2808; x_wconf 85' lang='lat' dir='ltr'>composez</span> <span class='ocrx_word' id='word_1_231' title='bbox 624 2767 667 2798; x_wconf 87' lang='lat' dir='ltr'>de</span> <span class='ocrx_word' id='word_1_232' title='bbox 689 2765 937 2807; x_wconf 87' lang='lat' dir='ltr'>proportions‚</span> <span class='ocrx_word' id='word_1_233' title='bbox 957 2774 1094 2796; x_wconf 87' lang='lat' dir='ltr'>comme</span> <span class='ocrx_word' id='word_1_234' title='bbox 1114 2774 1146 2803; x_wconf 80' lang='lat' dir='ltr'>a,</span> <span class='ocrx_word' id='word_1_235' title='bbox 1170 2767 1225 2805; x_wconf 82' lang='lat' dir='ltr'>de,</span> <span class='ocrx_word' id='word_1_236' title='bbox 1248 2774 1297 2803; x_wconf 77' lang='lat' dir='ltr'>re,</span> <span class='ocrx_word' id='word_1_237' title='bbox 1321 2773 1416 2803; x_wconf 81' lang='lat' dir='ltr'>com,</span> <span class='ocrx_word' id='word_1_238' title='bbox 1438 2765 1517 2795; x_wconf 82' lang='lat' dir='ltr'>sub.</span> <span class='ocrx_word' id='word_1_239' title='bbox 1537 2773 1552 2792; x_wconf 90' lang='lat'>»</span> 
     </span>
    </p>
   </div>
  </div>
 </body>
</html>
