1788 3055
539 827 691 875 L'ART
727 839 793 875 DE
831 839 1032 875 DICTIER

470 1038 629 1070 Auctore
651 1037 848 1070 Eustachio
873 1037 917 1069 de
940 1036 1099 1078 Campis.

143 1244 268 1289 Inter
289 1255 453 1289 omnes
474 1242 749 1301 huJusmodi
773 1242 918 1288 libros
938 1241 1017 1301 qui
1041 1254 1193 1300 usque
1211 1241 1270 1288 ad
1291 1247 1488 1288 aetatem

80 1331 290 1372 nostram
332 1326 637 1378 exstiterunt,
668 1325 1018 1371 vetustissimus
1057 1330 1127 1371 est
1155 1324 1394 1371 Eustachii
1435 1325 1492 1372 de

78 1409 284 1468 Campis.
315 1409 399 1455 Cui
427 1409 593 1455 titulus
618 1408 658 1455 is
684 1408 959 1455 inscribitur
988 1424 997 1454 :
1026 1426 1045 1449 <c
1066 1406 1218 1452 L'Art
1244 1407 1300 1453 de
1326 1407 1492 1453 dictier

76 1493 196 1538 etde
221 1492 325 1553 fere
351 1491 597 1549 chancons,
627 1491 830 1546 hellades,
861 1490 1054 1537 virelais
1080 1495 1120 1536 et
1148 1490 1431 1538 rondeauloe.
1463 1510 1482 1533 n

78 1577 286 1636 Scriptor
306 1576 498 1635 quidem
520 1575 622 1634 ipse
647 1587 734 1622 nos
757 1575 890 1621 docet
911 1575 1038 1621 hunc
1054 1575 1226 1621 librum
1258 1592 1276 1616 (ι
1297 1575 1489 1622 maximi

77 1672 163 1707 nec
189 1672 285 1706 non
308 1659 469 1706 eximii
493 1659 734 1718 optimatis
756 1664 897 1717 atque
919 1659 1099 1705 domini
1122 1659 1320 1718 imperio
1344 1677 1363 1700 n
1393 1672 1419 1705 a
1441 1672 1490 1706 se

76 1756 180 1790 esse
208 1743 538 1802 compositum.
556 1742 805 1788 Confectus
826 1747 897 1789 est
921 1748 1076 1788 autem
1101 1754 1227 1788 anno
1255 1744 1373 1788 1592
1401 1741 1485 1802 (1).

141 1826 334 1873 Duobus
363 1826 604 1872 codicibus
643 1825 780 1871 nobis
819 1830 889 1872 est
918 1826 1254 1878 transmissus,
1287 1838 1487 1884 quorum

76 1909 204 1968 prior
236 1921 362 1955 anno
399 1908 581 1955 circiter
622 1910 742 1954 1415
772 1909 1002 1968 scriptuS,
1043 1908 1168 1968 apud
1194 1909 1486 1956 Nationalem

77 1992 415 2039 Bibliothecam
444 1991 779 2044 parisiensem,
816 1991 905 2038 sub
933 1999 983 2037 n⁰
1008 1991 1079 2052 fr.
1112 1994 1167 2045 83
1203 1992 1320 2039 alter
1346 1992 1489 2051 quin-

76 2074 301 2134 quaginta
342 2074 482 2120 annis
519 2074 640 2121 circa
678 2075 933 2128 recentior,
965 2087 1091 2121 nunc
1117 2074 1243 2134 apud
1272 2075 1486 2122 Asburn-

75 2157 203 2203 hami
228 2157 563 2205 bibliothecam
593 2157 848 2205 invenitur.

139 2240 307 2300 TypiS,
337 2253 463 2287 anno
498 2242 636 2295 1852,
668 2254 694 2286 a
722 2241 936 2300 Crapelet
971 2242 1222 2288 mandatus
1258 2247 1353 2292 est,
1384 2247 1490 2301 post

75 2323 271 2370 moralia
297 2324 616 2382 historicaque
638 2324 847 2370 carmina
861 2325 1103 2371 Eustachii
1118 2324 1166 2370 in
1184 2325 1347 2372 eodem
1365 2326 1489 2371 volu-

78 2406 202 2453 mine
230 2407 483 2454 collocatus
511 2405 594 2467 (2).
623 2407 936 2454 Parisiensem
964 2420 1070 2454 vero
1095 2408 1319 2461 codicem,
1347 2420 1487 2467 quem

117 2610 159 2651 (1)
182 2621 196 2641 «
222 2611 271 2644 Ce
294 2612 349 2644 fut
370 2613 434 2644 fait
453 2613 486 2645 le
507 2613 559 2645 ‘25⁶
577 2615 661 2654 jour
682 2613 726 2645 de
749 2615 959 2652 novembre,
976 2614 1045 2646 l’an
1067 2614 1111 2646 de
1131 2624 1237 2655 grace
1255 2615 1388 2646 Nostre
1405 2614 1486 2646 Sei-

76 2679 192 2711 gneur
219 2671 305 2704 1392.
329 2684 344 2703 »

117 2730 160 2769 (2)
179 2733 324 2764 Poesies
340 2735 498 2764 morales
514 2736 545 2764 et
563 2734 788 2772 historiques
807 2735 1025 2766 d'Eustache
1039 2737 1303 2774 Deschamps...
1320 2733 1484 2776 publices
