1788 3055
812 212 1023 253 -84-

277 310 337 355 lis
368 320 488 367 quae
518 308 565 352 in
595 306 865 365 prooemio,
898 305 1032 362 eujus
1060 302 1249 348 initium
1292 300 1430 347 modo
1463 299 1624 352 retuli,

211 394 270 440 de
296 393 450 438 littera
477 396 604 436 muta
632 404 654 433 e
680 388 902 435 elidenda
930 385 1167 445 praecepit
1194 385 1493 435 Molinettus‚
1525 382 1626 429 dis-

212 476 396 534 cipulus
426 475 527 532 ejus
556 472 687 518 addit
726 472 847 516 hano
884 470 1130 515 elisionem
1167 468 1306 514 etiam
1349 467 1396 512 in
1436 477 1631 512 caesura

217 558 375 618 (quam
403 555 645 616 quadrum
672 555 892 613 appellat)
927 551 1189 598 faciendam
1220 562 1342 597 esse.

279 639 451 686 Eodem
476 643 639 684 tractat
661 637 827 683 ordine
844 648 936 694 quo
954 634 1227 680 Molinettus
1243 633 1431 691 singula
1446 643 1632 690 poema·

212 730 311 770 tum
341 735 531 782 genera.

279 806 337 850 Ut
374 803 580 863 rhythmi
618 803 822 861 duplicis
862 802 1077 860 exempla
1115 800 1316 852 habeas,
1348 799 1510 845 laudat
1542 817 1560 839 ιι
1591 799 1633 844 le

216 889 394 932 Roman
424 886 480 932 de
509 887 554 931 la
581 887 702 932 Rose
732 898 815 943 par
855 884 934 931 dix
969 889 1013 930 et
1050 895 1166 929 onze
1197 879 1315 943 (sic),
1346 886 1390 929 et
1417 894 1501 940 par
1529 881 1634 926 huit

214 974 258 1015 et
286 969 421 1021 neuf,
455 969 520 1014 les
551 969 860 1014 translations
890 967 972 1013 des
999 966 1201 1012 Eneides
1231 966 1288 1012 de
1316 965 1533 1024 Virgine,
1565 965 1633 1010 les

215 1052 426 1111 Epistres
453 1050 669 1104 d’Ovide,
702 1056 788 1097 eto.
828 1050 887 1109 (1)
921 1068 965 1092 ».

280 1133 461 1179 Deinde
484 1134 738 1192 exponitur
756 1134 829 1179 lex
848 1146 968 1179 nova
992 1133 1049 1179 de
1071 1133 1251 1179 vicibus
1270 1144 1488 1178 versuum
1521 1143 1635 1176 mas-

216 1218 481 1263 culinorum
522 1217 959 1275 femininorumque
999 1216 1323 1267 alternandis,
1369 1228 1509 1274 quam
1559 1214 1636 1260 hic

215 1301 421 1358 primum
451 1311 723 1357 expressam
754 1305 885 1358 puto,
918 1312 1010 1358 qua
1036 1299 1093 1345 de
1122 1311 1263 1345 eausa
1291 1298 1408 1344 tanti
1435 1310 1489 1344 ea
1516 1297 1632 1343 mihi

216 1382 400 1428 videtur
437 1394 540 1428 esse
580 1384 806 1428 momenti
848 1388 896 1428 ut
931 1383 1035 1441 ipsa
1069 1382 1312 1441 scriptoris
1348 1381 1488 1427 verba
1521 1380 1635 1427 refe-

216 1477 315 1510 ram
342 1481 351 1510 :
386 1483 402 1504 «
432 1466 654 1523 Laquelle
683 1465 814 1521 sapon
845 1465 901 1511 de
930 1466 1047 1511 rime
1075 1463 1355 1523 (doublette)
1386 1468 1457 1510 est
1483 1477 1509 1509 a
1537 1476 1635 1522 pre-

216 1553 319 1594 sent
348 1548 457 1593 bien
487 1548 699 1594 enrieliie
726 1561 809 1606 par
839 1548 1174 1607 monseigneur
1197 1548 1379 1601 Cretin‚
1411 1559 1520 1606 pere
1553 1547 1635 1593 des

216 1636 429 1676 orateurs
472 1630 749 1681 modernes,
803 1632 956 1690 lequel
999 1644 1055 1677 en
1106 1644 1180 1677 ses
1222 1631 1562 1689 compositions
1610 1643 1636 1676 a

216 1714 379 1759 trouve
405 1719 528 1759 oeste
555 1714 695 1773 digne
723 1720 767 1760 et
796 1715 1012 1760 nouvelle
1051 1715 1260 1760 maniere
1300 1714 1414 1772 qu'il
1453 1726 1537 1760 use
1577 1726 1633 1760 en

214 1796 323 1841 telle
351 1808 480 1854 ryme
508 1796 565 1842 de
593 1796 714 1843 deux
747 1809 846 1842 vers
879 1798 1135 1843 maseulins
1164 1802 1209 1843 et
1245 1797 1367 1843 deux
1405 1794 1541 1855 apres
1571 1796 1632 1842 fe·

217 1878 413 1924 minins.
440 1880 574 1924 Ainsi
600 1880 1028 1937 prosecutivement
1055 1893 1116 1925 un
1146 1881 1312 1939 couple
1336 1880 1449 1926 d'un
1474 1885 1518 1926 et
1543 1892 1637 1939 ung

216 1962 382 2019 couple
411 1961 590 2008 d'autre
618 1967 663 2008 et
691 1976 716 2008 a
745 1964 789 2008 la
817 1964 959 2009 verite
983 1969 1105 2009 ceste
1137 1963 1274 2010 mode
1307 1968 1352 2009 et
1392 1963 1635 2009 invention

217 2055 367 2088 sonne
390 2044 634 2102 beaucoup
658 2046 846 2103 myeulx
871 2050 960 2090 eta
990 2046 1083 2090 tres
1107 2045 1302 2103 parfaiot
1322 2050 1366 2091 et
1386 2045 1538 2091 entier
1559 2058 1636 2090 ac-

216 2130 321 2171 oent
350 2126 456 2183 plus
479 2139 570 2184 que
593 2132 746 2173 tontes
773 2128 837 2173 les
855 2133 1012 2173 autres
1035 2128 1268 2174 susdiotes
1295 2129 1636 2187 compositions

215 2208 273 2254 de
301 2214 423 2254 ceste
452 2210 568 2255 rime
597 2210 653 2255 de
682 2211 940 2263 doublette‚
968 2224 1043 2257 ear
1071 2211 1101 2256 il
1126 2217 1195 2257 est
1226 2217 1419 2271 notoyre
1442 2224 1534 2270 que
1556 2225 1636 2270 op·

216 2292 368 2349 posita
397 2292 529 2349 juxta
558 2305 608 2338 se
630 2294 782 2351 posita
812 2294 958 2352 magis
983 2294 1271 2345 elucescunt,
1298 2300 1343 2341 et
1365 2295 1422 2341 de
1447 2295 1491 2339 la
1515 2294 1636 2341 dicte

217 2374 459 2419 invention
490 2374 659 2434 icelluy
684 2376 838 2421 Cretin
870 2390 896 2421 a
924 2377 1007 2422 use
1032 2389 1089 2422 en
1119 2390 1203 2422 son
1229 2390 1387 2423 oeuvre
1409 2377 1524 2435 qn’il
1555 2377 1637 2425 fait

218 2469 298 2501 sur
327 2458 367 2502 le
390 2458 574 2503 Recueil
605 2457 687 2503 des
713 2459 1001 2517 Cronioques
1030 2460 1087 2506 de
1111 2461 1284 2506 Franoe
1307 2465 1352 2506 et
1375 2465 1533 2507 autres
1560 2472 1636 2507 ses

219 2552 401 2585 oeuvres
430 2558 475 2585 2).

259 2714 301 2755 (1)
325 2715 567 2757 Translatore,
589 2722 627 2749 ut
648 2718 733 2748 mihi
757 2718 915 2759 videtur,
940 2719 1141 2752 Octaviano
1165 2719 1208 2751 de
1232 2719 1367 2751 Sancto
1393 2719 1551 2755 Gelasi0.
