1788 3055
817 253 1033 292 ..52—

218 347 407 392 vixisse.
435 346 485 390 Ei
514 350 668 390 autem
693 344 863 390 licebat
893 357 973 402 pro
999 355 1125 389 anno
1153 343 1273 387 1498
1302 354 1479 387 annum
1515 343 1634 387 1495

217 429 441 479 indicare,
479 441 572 486 quo
603 428 792 473 libellus
820 427 975 472 editus
1004 431 1089 471 est.

283 514 333 558 In
374 512 564 571 prologo
602 511 831 557 ilenricus
867 511 923 556 de
958 511 1076 568 Croy
1116 509 1230 555 dicit
1265 521 1314 555 se
1348 520 1452 554 esse
1487 507 1635 554 libelli

216 600 455 641 auctorem
501 608 527 639 a
577 607 627 640 se
666 594 769 652 ipso
813 594 978 639 Carolo
1028 592 1121 651 regi
1169 591 1343 644 oblati;
1385 590 1500 650 quin
1549 591 1637 636 hoc

221 690 381 723 verum
412 682 536 722 esset
566 688 702 722 nemo
734 687 943 733 unquam
973 673 1223 720 dubitavit.

283 762 458 806 Harum
479 760 743 806 editionum
771 758 1059 816 exemplaria
1086 757 1332 802 rarissima
1353 756 1470 802 facta
1497 761 1631 807 sunt:

217 856 418 902 quorum
461 844 548 888 tria
597 843 803 900 reperire
844 847 915 887 est
955 841 1002 885 in
1048 840 1336 886 Bibliotheca
1376 839 1633 892 nationali,

218 927 394 972 scillcet
415 926 507 972 duo
530 939 555 971 a
578 925 802 977 Verard0‚
830 925 910 983 qui
932 924 1113 983 primus
1133 923 1285 969 editor
1306 923 1410 975 fuit,
1434 923 1632 975 emissa;

220 1022 365 1054 unum
399 1022 422 1052 a
450 1010 666 1054 Iohanne
692 1008 749 1054 de
776 1008 1023 1058 Guerlins‚
1056 1007 1268 1052 Tolosae.
1301 1008 1366 1052 Ex
1395 1007 1635 1065 exempla-

219 1091 351 1137 ribus
368 1091 593 1137 editionis
610 1091 897 1137 Verardinae
912 1102 1060 1135 unum
1078 1090 1125 1134 in
1145 1089 1435 1135 membranis
1451 1101 1637 1147 expres·

219 1186 323 1220 sum
352 1178 448 1226 est,
480 1174 678 1219 alterum
710 1174 757 1218 in
787 1173 980 1218 chartis.
1011 1173 1059 1217 ln
1092 1172 1451 1218 membranaceo
1480 1184 1635 1218 exem-

194 1304 198 1308 ,
218 1257 335 1315 plari
357 1257 577 1315 prologus
598 1256 766 1314 legitur
783 1255 829 1300 in
850 1260 975 1313 tergo
994 1255 1173 1313 primae
1193 1254 1393 1300 schedae
1411 1253 1632 1313 scriptus,

218 1345 378 1385 contra
409 1340 452 1384 in
477 1340 720 1385 chartaceo
744 1338 906 1385 eadem
935 1339 1106 1397 pagina
1134 1338 1251 1383 nihil
1278 1338 1436 1384 habet.
1471 1339 1521 1383 In
1548 1338 1637 1383 hoc

218 1423 402 1468 minuta
447 1422 628 1480 pictura
666 1421 845 1467 effictus
883 1427 953 1468 est
994 1422 1193 1479 scriptor
1237 1433 1374 1467 suum
1420 1420 1634 1466 libellum

217 1505 463 1563 porrigens
491 1505 677 1550 cuidam
708 1505 822 1556 viro,
855 1505 954 1562 qui,
986 1509 1218 1562 quantum
1249 1503 1424 1562 percipi
1453 1508 1631 1562 potest,

216 1586 415 1646 effigiem
446 1587 678 1645 praesulis
706 1587 925 1645 praebet;
957 1587 1004 1632 in
1032 1587 1178 1633 altero
1202 1586 1413 1632 eamdem
1440 1585 1633 1644 quidem

216 1671 445 1729 picturam
482 1670 638 1717 videre
676 1675 769 1725 est,
810 1670 891 1716 sed
930 1682 1012 1729 pro
1051 1671 1268 1729 praesule
1299 1669 1495 1716 Carolus
1532 1669 1633 1715 VIII

215 1752 395 1800 effictus
424 1759 512 1800 est.

279 1837 447 1882 Nullus
482 1849 588 1883 vero
627 1841 778 1883 exstat
816 1837 1037 1896 prologus
1075 1837 1122 1881 in
1158 1836 1366 1882 editione
1400 1834 1633 1881 Iohannis

215 1919 272 1965 de
301 1920 550 1973 Guerlius;
594 1933 715 1978 quae
748 1920 939 1978 quidem
971 1919 1231 1965 secundum
1262 1919 1518 1965 editionem
1550 1919 1632 1964 Ve-

216 2002 454 2047 rardinam
474 2003 591 2049 facta
613 2008 699 2053 est,
722 2015 825 2048 cum
851 2003 952 2061 eJus
973 2002 1203 2060 plurimas
1227 2002 1424 2048 mendas
1442 2001 1628 2048 referat.

215 2086 266 2130 In
297 2086 557 2131 pictavensi
588 2098 777 2144 quoque
807 2086 1028 2144 prologus
1051 2085 1366 2131 desideratur.

280 2169 444 2214 Utrum
471 2173 649 2214 ceterae
677 2168 927 2218 editiones,
954 2168 1011 2214 de
1031 2167 1207 2226 quibus
1232 2167 1352 2213 nihil
1371 2167 1632 2226 comperh‘e

215 2252 364 2309 potui,
396 2251 639 2310 prologum
671 2252 877 2297 habeant
904 2264 962 2296 an
992 2264 1114 2303 non,
1147 2251 1323 2297 nescio,
1356 2251 1501 2309 Igitur
1528 2249 1630 2296 fieri

216 2339 385 2391 potest,
437 2346 540 2379 mea
582 2334 772 2392 quidem
814 2334 1075 2385 sententia,
1127 2339 1176 2380 ut
1218 2334 1628 2380 membranaceum

217 2417 455 2475 exemplar
485 2417 802 2463 Bibliothecae
840 2416 1123 2471 nationalis‚
1166 2417 1213 2461 in
1243 2430 1336 2475 quo
1366 2416 1486 2475 regis
1519 2429 1625 2475 per-

214 2513 331 2545 sona
379 2499 529 2546 efficta
577 2506 673 2556 est,
731 2501 857 2546 haud
908 2500 1038 2546 aliud
1084 2502 1145 2546 sit
1197 2506 1339 2559 atque
1386 2500 1629 2560 exemplar

215 2583 379 2628 Carolo
407 2584 507 2628 VIII
535 2584 594 2629 ab
622 2584 822 2629 Henrico
849 2584 905 2629 de
934 2584 1053 2643 Croy
1081 2584 1311 2630 oblatum.

279 2665 521 2723 Quidquid
550 2666 596 2711 id
630 2671 726 2717 est,
759 2667 846 2712 hoc
873 2679 1020 2712 unum
1049 2667 1289 2725 exemplar
1317 2665 1389 2712 cui
1425 2666 1485 2713 sit
1513 2679 1622 2725 pro-

214 2749 346 2807 logus
375 2751 508 2800 now
543 2762 636 2794 non
666 2755 821 2796 autem
850 2750 967 2795 alias
994 2761 1134 2808 quam
1165 2749 1212 2794 in
1239 2749 1431 2808 prologo
1455 2749 1624 2808 legitur
