<?xml version="1.0" encoding="UTF-8"?>
<!DOCTYPE html PUBLIC "-//W3C//DTD XHTML 1.0 Transitional//EN"
    "http://www.w3.org/TR/xhtml1/DTD/xhtml1-transitional.dtd">
<html xmlns="http://www.w3.org/1999/xhtml" xml:lang="en" lang="en">
 <head>
  <title>
</title>
<meta http-equiv="Content-Type" content="text/html;charset=utf-8" />
  <meta name='ocr-system' content='tesseract 3.04.00' />
  <meta name='ocr-capabilities' content='ocr_page ocr_carea ocr_par ocr_line ocrx_word'/>
</head>
<body>
  <div class='ocr_page' id='page_1' title='image "./deartibusrhetori00languoft_0087.png"; bbox 0 0 1788 3055; ppageno 0'>
   <div class='ocr_carea' id='block_1_1' title="bbox 706 217 915 255">
    <p class='ocr_par' dir='ltr' id='par_1_1' title="bbox 706 217 915 255">
     <span class='ocr_line' id='line_1_1' title="bbox 706 217 915 255; baseline 0 -8"><span class='ocrx_word' id='word_1_1' title='bbox 706 217 915 255; x_wconf 85' lang='grc'>...77-</span> 
     </span>
    </p>
   </div>
   <div class='ocr_carea' id='block_1_2' title="bbox 103 306 1519 2528">
    <p class='ocr_par' dir='ltr' id='par_1_2' title="bbox 103 306 1519 2528">
     <span class='ocr_line' id='line_1_2' title="bbox 105 306 1516 366; baseline -0.002 -11"><span class='ocrx_word' id='word_1_2' title='bbox 105 308 365 356; x_wconf 83' lang='lat' dir='ltr'>rhetoricae</span> <span class='ocrx_word' id='word_1_3' title='bbox 393 308 543 355; x_wconf 80' lang='lat' dir='ltr'>vocari</span> <span class='ocrx_word' id='word_1_4' title='bbox 573 309 749 360; x_wconf 88' lang='lat' dir='ltr'>solent;</span> <span class='ocrx_word' id='word_1_5' title='bbox 782 308 956 366; x_wconf 88' lang='lat' dir='ltr'>quibus</span> <span class='ocrx_word' id='word_1_6' title='bbox 993 319 1047 353; x_wconf 77' lang='lat' dir='ltr'>ex</span> <span class='ocrx_word' id='word_1_7' title='bbox 1086 306 1367 353; x_wconf 83' lang='lat' dir='ltr'>Infortunati</span> <span class='ocrx_word' id='word_1_8' title='bbox 1395 306 1516 353; x_wconf 87' lang='lat' dir='ltr'>libro</span> 
     </span>
     <span class='ocr_line' id='line_1_3' title="bbox 104 390 1512 450; baseline -0.001 -12"><span class='ocrx_word' id='word_1_9' title='bbox 104 392 332 438; x_wconf 80' lang='lat' dir='ltr'>traductis</span> <span class='ocrx_word' id='word_1_10' title='bbox 361 392 577 450; x_wconf 80' lang='lat' dir='ltr'>exempla</span> <span class='ocrx_word' id='word_1_11' title='bbox 607 390 808 437; x_wconf 84' lang='lat' dir='ltr'>addidit.</span> <span class='ocrx_word' id='word_1_12' title='bbox 840 392 936 436; x_wconf 80' lang='lat' dir='ltr'>Hoc</span> <span class='ocrx_word' id='word_1_13' title='bbox 963 395 1144 437; x_wconf 89' lang='lat' dir='ltr'>tantum</span> <span class='ocrx_word' id='word_1_14' title='bbox 1173 403 1228 437; x_wconf 83' lang='lat' dir='ltr'>ex</span> <span class='ocrx_word' id='word_1_15' title='bbox 1257 403 1341 437; x_wconf 90' lang='lat' dir='ltr'>suo</span> <span class='ocrx_word' id='word_1_16' title='bbox 1370 403 1512 437; x_wconf 87' lang='lat' dir='ltr'>sensu</span> 
     </span>
     <span class='ocr_line' id='line_1_4' title="bbox 105 473 1517 534; baseline -0.002 -13"><span class='ocrx_word' id='word_1_17' title='bbox 105 475 297 534; x_wconf 86' lang='lat' dir='ltr'>profert.</span> <span class='ocrx_word' id='word_1_18' title='bbox 322 475 598 533; x_wconf 80' lang='lat' dir='ltr'>Complures</span> <span class='ocrx_word' id='word_1_19' title='bbox 625 479 780 520; x_wconf 87' lang='lat' dir='ltr'>tamen</span> <span class='ocrx_word' id='word_1_20' title='bbox 806 474 984 532; x_wconf 84' lang='lat' dir='ltr'>speeies</span> <span class='ocrx_word' id='word_1_21' title='bbox 1008 473 1146 519; x_wconf 80' lang='lat' dir='ltr'><strong>refert</strong></span> <span class='ocrx_word' id='word_1_22' title='bbox 1167 473 1225 520; x_wconf 90' lang='lat' dir='ltr'>de</span> <span class='ocrx_word' id='word_1_23' title='bbox 1247 474 1420 532; x_wconf 87' lang='lat' dir='ltr'>quibus</span> <span class='ocrx_word' id='word_1_24' title='bbox 1444 474 1517 518; x_wconf 91' lang='lat' dir='ltr'>In-</span> 
     </span>
     <span class='ocr_line' id='line_1_5' title="bbox 105 555 1517 616; baseline -0.001 -13"><span class='ocrx_word' id='word_1_25' title='bbox 105 557 370 604; x_wconf 82' lang='lat' dir='ltr'>fortunatus</span> <span class='ocrx_word' id='word_1_26' title='bbox 398 555 518 602; x_wconf 88' lang='lat' dir='ltr'>nihil</span> <span class='ocrx_word' id='word_1_27' title='bbox 547 555 682 609; x_wconf 83' lang='lat' dir='ltr'>dixit,</span> <span class='ocrx_word' id='word_1_28' title='bbox 716 568 836 614; x_wconf 89' lang='lat' dir='ltr'>quae</span> <span class='ocrx_word' id='word_1_29' title='bbox 862 560 973 601; x_wconf 90' lang='lat' dir='ltr'>sunt</span> <span class='ocrx_word' id='word_1_30' title='bbox 1002 556 1183 615; x_wconf 86' lang='lat' dir='ltr'>septeni</span> <span class='ocrx_word' id='word_1_31' title='bbox 1214 568 1376 602; x_wconf 90' lang='lat' dir='ltr'>versus</span> <span class='ocrx_word' id='word_1_32' title='bbox 1405 555 1517 616; x_wconf 80' lang='lat' dir='ltr'>(sep-</span> 
     </span>
     <span class='ocr_line' id='line_1_6' title="bbox 106 638 1519 701; baseline 0 -16"><span class='ocrx_word' id='word_1_33' title='bbox 106 638 219 701; x_wconf 75' lang='lat' dir='ltr'>tam)</span> <span class='ocrx_word' id='word_1_34' title='bbox 248 645 293 687; x_wconf 87' lang='lat' dir='ltr'>et</span> <span class='ocrx_word' id='word_1_35' title='bbox 331 658 350 682; x_wconf 70' lang='grc' dir='ltr'><em>α</em></span> <span class='ocrx_word' id='word_1_36' title='bbox 377 640 660 700; x_wconf 77' lang='lat' dir='ltr'>riqueraque</span> <span class='ocrx_word' id='word_1_37' title='bbox 687 658 706 681; x_wconf 80' lang='lat'>»</span> <span class='ocrx_word' id='word_1_38' title='bbox 744 652 767 686; x_wconf 92' lang='lat' dir='ltr'>e</span> <span class='ocrx_word' id='word_1_39' title='bbox 797 639 1038 686; x_wconf 86' lang='lat' dir='ltr'>Molinetto</span> <span class='ocrx_word' id='word_1_40' title='bbox 1068 639 1289 698; x_wconf 86' lang='lat' dir='ltr'>repetita,</span> <span class='ocrx_word' id='word_1_41' title='bbox 1321 640 1442 686; x_wconf 84' lang='lat' dir='ltr'>siout</span> <span class='ocrx_word' id='word_1_42' title='bbox 1474 644 1519 686; x_wconf 89' lang='lat' dir='ltr'>et</span> 
     </span>
     <span class='ocr_line' id='line_1_7' title="bbox 107 721 1514 783; baseline 0 -14"><span class='ocrx_word' id='word_1_43' title='bbox 107 723 358 783; x_wconf 85' lang='lat' dir='ltr'><strong>rhythmus</strong></span> <span class='ocrx_word' id='word_1_44' title='bbox 395 740 413 764; x_wconf 71' lang='grc' dir='ltr'><em>α</em></span> <span class='ocrx_word' id='word_1_45' title='bbox 451 721 578 768; x_wconf 76' lang='lat' dir='ltr'>deux</span> <span class='ocrx_word' id='word_1_46' title='bbox 603 726 646 766; x_wconf 76' lang='lat' dir='ltr'>et</span> <span class='ocrx_word' id='word_1_47' title='bbox 671 737 751 767; x_wconf 80' lang='lat' dir='ltr'>ars</span> <span class='ocrx_word' id='word_1_48' title='bbox 785 741 835 773; x_wconf 84' lang='lat'>»‚</span> <span class='ocrx_word' id='word_1_49' title='bbox 874 723 1007 781; x_wconf 84' lang='lat' dir='ltr'>eujus</span> <span class='ocrx_word' id='word_1_50' title='bbox 1045 735 1244 777; x_wconf 85' lang='lat' dir='ltr'>nomen,</span> <span class='ocrx_word' id='word_1_51' title='bbox 1282 735 1376 768; x_wconf 92' lang='lat' dir='ltr'>non</span> <span class='ocrx_word' id='word_1_52' title='bbox 1416 735 1514 777; x_wconf 84' lang='lat' dir='ltr'>reS,</span> 
     </span>
     <span class='ocr_line' id='line_1_8' title="bbox 107 805 1517 866; baseline 0 -14"><span class='ocrx_word' id='word_1_53' title='bbox 107 806 310 866; x_wconf 89' lang='lat' dir='ltr'>primum</span> <span class='ocrx_word' id='word_1_54' title='bbox 342 810 452 852; x_wconf 83' lang='lat' dir='ltr'>tuno</span> <span class='ocrx_word' id='word_1_55' title='bbox 479 805 525 850; x_wconf 89' lang='lat' dir='ltr'>in</span> <span class='ocrx_word' id='word_1_56' title='bbox 557 805 761 852; x_wconf 89' lang='lat' dir='ltr'>medium</span> <span class='ocrx_word' id='word_1_57' title='bbox 794 805 936 851; x_wconf 86' lang='lat' dir='ltr'>venit.</span> <span class='ocrx_word' id='word_1_58' title='bbox 966 805 1049 851; x_wconf 85' lang='lat' dir='ltr'>Hie</span> <span class='ocrx_word' id='word_1_59' title='bbox 1080 806 1203 851; x_wconf 89' lang='lat' dir='ltr'>enim</span> <span class='ocrx_word' id='word_1_60' title='bbox 1236 805 1356 851; x_wconf 88' lang='lat' dir='ltr'>nihil</span> <span class='ocrx_word' id='word_1_61' title='bbox 1386 805 1517 852; x_wconf 87' lang='lat' dir='ltr'>aliud</span> 
     </span>
     <span class='ocr_line' id='line_1_9' title="bbox 108 887 1518 948; baseline -0.002 -12"><span class='ocrx_word' id='word_1_62' title='bbox 108 893 179 936; x_wconf 86' lang='lat' dir='ltr'>est</span> <span class='ocrx_word' id='word_1_63' title='bbox 196 889 288 935; x_wconf 90' lang='lat' dir='ltr'>nisi</span> <span class='ocrx_word' id='word_1_64' title='bbox 312 889 492 948; x_wconf 79' lang='lat' dir='ltr'>species</span> <span class='ocrx_word' id='word_1_65' title='bbox 514 888 595 934; x_wconf 88' lang='lat' dir='ltr'>illa</span> <span class='ocrx_word' id='word_1_66' title='bbox 611 901 752 947; x_wconf 90' lang='lat' dir='ltr'>quam</span> <span class='ocrx_word' id='word_1_67' title='bbox 776 888 916 934; x_wconf 92' lang='lat' dir='ltr'>modo</span> <span class='ocrx_word' id='word_1_68' title='bbox 933 888 1102 934; x_wconf 88' lang='lat' dir='ltr'>litteris</span> <span class='ocrx_word' id='word_1_69' title='bbox 1124 887 1243 933; x_wconf 72' lang='grc' dir='ltr'>αααό</span> <span class='ocrx_word' id='word_1_70' title='bbox 1261 887 1382 933; x_wconf 76' lang='grc' dir='ltr'>αααῖ)</span> <span class='ocrx_word' id='word_1_71' title='bbox 1398 887 1518 934; x_wconf 76' lang='grc' dir='ltr'>αααό</span> 
     </span>
     <span class='ocr_line' id='line_1_10' title="bbox 108 971 1519 1034; baseline 0 -14"><span class='ocrx_word' id='word_1_72' title='bbox 108 978 194 1020; x_wconf 82' lang='lat' dir='ltr'>ete.</span> <span class='ocrx_word' id='word_1_73' title='bbox 226 973 385 1020; x_wconf 84' lang='lat' dir='ltr'>effinxi</span> <span class='ocrx_word' id='word_1_74' title='bbox 420 971 480 1034; x_wconf 84' lang='lat'>(1)</span> <span class='ocrx_word' id='word_1_75' title='bbox 515 972 685 1033; x_wconf 82' lang='lat' dir='ltr'>(littera</span> <span class='ocrx_word' id='word_1_76' title='bbox 711 972 735 1016; x_wconf 75' lang='lat' dir='ltr'><strong><em>b</em></strong></span> <span class='ocrx_word' id='word_1_77' title='bbox 764 985 924 1019; x_wconf 86' lang='lat' dir='ltr'>versus</span> <span class='ocrx_word' id='word_1_78' title='bbox 952 972 1180 1019; x_wconf 81' lang='lat' dir='ltr'>brevioris</span> <span class='ocrx_word' id='word_1_79' title='bbox 1211 973 1360 1019; x_wconf 82' lang='lat' dir='ltr'>locum</span> <span class='ocrx_word' id='word_1_80' title='bbox 1384 986 1519 1020; x_wconf 86' lang='lat' dir='ltr'>usur-</span> 
     </span>
     <span class='ocr_line' id='line_1_11' title="bbox 107 1054 1517 1116; baseline 0 -13"><span class='ocrx_word' id='word_1_81' title='bbox 107 1054 287 1116; x_wconf 88' lang='lat' dir='ltr'>pante),</span> <span class='ocrx_word' id='word_1_82' title='bbox 314 1068 553 1115; x_wconf 88' lang='lat' dir='ltr'>quamque</span> <span class='ocrx_word' id='word_1_83' title='bbox 573 1056 699 1115; x_wconf 80' lang='lat' dir='ltr'>apud</span> <span class='ocrx_word' id='word_1_84' title='bbox 722 1056 1016 1102; x_wconf 84' lang='lat' dir='ltr'>Molinettum</span> <span class='ocrx_word' id='word_1_85' title='bbox 1040 1055 1307 1102; x_wconf 81' lang='lat' dir='ltr'>invenimus</span> <span class='ocrx_word' id='word_1_86' title='bbox 1330 1062 1374 1103; x_wconf 90' lang='lat' dir='ltr'>et</span> <span class='ocrx_word' id='word_1_87' title='bbox 1393 1057 1517 1116; x_wconf 81' lang='lat' dir='ltr'>apud</span> 
     </span>
     <span class='ocr_line' id='line_1_12' title="bbox 106 1139 1517 1198; baseline 0.001 -14"><span class='ocrx_word' id='word_1_88' title='bbox 106 1139 288 1198; x_wconf 81' lang='lat' dir='ltr'>priores</span> <span class='ocrx_word' id='word_1_89' title='bbox 311 1139 540 1198; x_wconf 86' lang='lat' dir='ltr'>quosdam</span> <span class='ocrx_word' id='word_1_90' title='bbox 570 1140 649 1197; x_wconf 84' lang='lat' dir='ltr'>qui</span> <span class='ocrx_word' id='word_1_91' title='bbox 674 1139 730 1184; x_wconf 93' lang='lat' dir='ltr'>de</span> <span class='ocrx_word' id='word_1_92' title='bbox 753 1139 859 1185; x_wconf 88' lang='lat' dir='ltr'>istis</span> <span class='ocrx_word' id='word_1_93' title='bbox 884 1139 1191 1197; x_wconf 82' lang='lat' dir='ltr'>scripserunt.</span> <span class='ocrx_word' id='word_1_94' title='bbox 1224 1141 1274 1185; x_wconf 86' lang='lat' dir='ltr'>In</span> <span class='ocrx_word' id='word_1_95' title='bbox 1299 1140 1355 1186; x_wconf 84' lang='lat' dir='ltr'>iis</span> <span class='ocrx_word' id='word_1_96' title='bbox 1378 1141 1517 1186; x_wconf 87' lang='lat' dir='ltr'>etiam</span> 
     </span>
     <span class='ocr_line' id='line_1_13' title="bbox 107 1221 1518 1269; baseline 0.001 -1"><span class='ocrx_word' id='word_1_97' title='bbox 107 1222 256 1268; x_wconf 84' lang='lat' dir='ltr'>Faber</span> <span class='ocrx_word' id='word_1_98' title='bbox 282 1222 576 1268; x_wconf 88' lang='lat' dir='ltr'>Molinettum</span> <span class='ocrx_word' id='word_1_99' title='bbox 609 1223 819 1268; x_wconf 83' lang='lat' dir='ltr'>imitatur</span> <span class='ocrx_word' id='word_1_100' title='bbox 848 1222 959 1267; x_wconf 82' lang='lat' dir='ltr'>locis</span> <span class='ocrx_word' id='word_1_101' title='bbox 989 1221 1069 1267; x_wconf 89' lang='lat' dir='ltr'>ubi</span> <span class='ocrx_word' id='word_1_102' title='bbox 1100 1221 1156 1268; x_wconf 90' lang='lat' dir='ltr'>de</span> <span class='ocrx_word' id='word_1_103' title='bbox 1189 1222 1518 1269; x_wconf 75' lang='lat' dir='ltr'>iterationibus</span> 
     </span>
     <span class='ocr_line' id='line_1_14' title="bbox 107 1304 1515 1365; baseline 0.001 -16"><span class='ocrx_word' id='word_1_104' title='bbox 107 1306 374 1357; x_wconf 88' lang='lat' dir='ltr'>verborum,</span> <span class='ocrx_word' id='word_1_105' title='bbox 399 1305 455 1352; x_wconf 90' lang='lat' dir='ltr'>de</span> <span class='ocrx_word' id='word_1_106' title='bbox 469 1305 658 1351; x_wconf 83' lang='lat' dir='ltr'>ballatis</span> <span class='ocrx_word' id='word_1_107' title='bbox 679 1311 721 1351; x_wconf 86' lang='lat' dir='ltr'>el</span> <span class='ocrx_word' id='word_1_108' title='bbox 749 1305 806 1351; x_wconf 88' lang='lat' dir='ltr'>de</span> <span class='ocrx_word' id='word_1_109' title='bbox 834 1324 852 1345; x_wconf 88' lang='lat'>«</span> <span class='ocrx_word' id='word_1_110' title='bbox 877 1304 1204 1364; x_wconf 68' lang='lat' dir='ltr'>hagyaenamles</span> <span class='ocrx_word' id='word_1_111' title='bbox 1221 1325 1237 1346; x_wconf 93' lang='lat'>»</span> <span class='ocrx_word' id='word_1_112' title='bbox 1260 1306 1515 1365; x_wconf 46' lang='grc' dir='ltr'>εὶς-1111102).</span> 
     </span>
     <span class='ocr_line' id='line_1_15' title="bbox 170 1388 1518 1447; baseline -0.001 -12"><span class='ocrx_word' id='word_1_113' title='bbox 170 1389 235 1435; x_wconf 92' lang='lat' dir='ltr'>Ne</span> <span class='ocrx_word' id='word_1_114' title='bbox 257 1389 402 1435; x_wconf 87' lang='lat' dir='ltr'>semel</span> <span class='ocrx_word' id='word_1_115' title='bbox 417 1389 607 1447; x_wconf 88' lang='lat' dir='ltr'>quidem</span> <span class='ocrx_word' id='word_1_116' title='bbox 624 1389 852 1434; x_wconf 85' lang='lat' dir='ltr'>Molinetti</span> <span class='ocrx_word' id='word_1_117' title='bbox 877 1401 1049 1434; x_wconf 87' lang='lat' dir='ltr'>nomen</span> <span class='ocrx_word' id='word_1_118' title='bbox 1067 1388 1287 1441; x_wconf 77' lang='lat' dir='ltr'>declarat,</span> <span class='ocrx_word' id='word_1_119' title='bbox 1309 1389 1388 1435; x_wconf 86' lang='lat' dir='ltr'>sed</span> <span class='ocrx_word' id='word_1_120' title='bbox 1416 1402 1518 1434; x_wconf 84' lang='lat' dir='ltr'>eum</span> 
     </span>
     <span class='ocr_line' id='line_1_16' title="bbox 107 1471 1517 1530; baseline -0.001 -12"><span class='ocrx_word' id='word_1_121' title='bbox 107 1472 389 1519; x_wconf 84' lang='lat' dir='ltr'>sententiam</span> <span class='ocrx_word' id='word_1_122' title='bbox 425 1471 634 1530; x_wconf 89' lang='lat' dir='ltr'>aliquam</span> <span class='ocrx_word' id='word_1_123' title='bbox 674 1472 811 1518; x_wconf 77' lang='lat' dir='ltr'>refert</span> <span class='ocrx_word' id='word_1_124' title='bbox 841 1485 982 1530; x_wconf 85' lang='lat' dir='ltr'>quam</span> <span class='ocrx_word' id='word_1_125' title='bbox 1012 1485 1107 1518; x_wconf 89' lang='lat' dir='ltr'>non</span> <span class='ocrx_word' id='word_1_126' title='bbox 1142 1485 1194 1518; x_wconf 79' lang='lat' dir='ltr'>ex</span> <span class='ocrx_word' id='word_1_127' title='bbox 1226 1472 1517 1518; x_wconf 82' lang='lat' dir='ltr'>infortunato</span> 
     </span>
     <span class='ocr_line' id='line_1_17' title="bbox 107 1553 1515 1613; baseline 0 -12"><span class='ocrx_word' id='word_1_128' title='bbox 107 1555 384 1608; x_wconf 81' lang='lat' dir='ltr'>traduxerit,</span> <span class='ocrx_word' id='word_1_129' title='bbox 410 1568 510 1601; x_wconf 91' lang='lat' dir='ltr'>eam</span> <span class='ocrx_word' id='word_1_130' title='bbox 537 1555 596 1601; x_wconf 89' lang='lat' dir='ltr'>iis</span> <span class='ocrx_word' id='word_1_131' title='bbox 620 1555 784 1601; x_wconf 86' lang='lat' dir='ltr'>tribuit</span> <span class='ocrx_word' id='word_1_132' title='bbox 812 1568 929 1613; x_wconf 80' lang='lat' dir='ltr'>quos</span> <span class='ocrx_word' id='word_1_133' title='bbox 962 1573 979 1594; x_wconf 86' lang='lat'>«</span> <span class='ocrx_word' id='word_1_134' title='bbox 1006 1553 1212 1599; x_wconf 68' lang='lat' dir='ltr'>Picards</span> <span class='ocrx_word' id='word_1_135' title='bbox 1238 1573 1254 1595; x_wconf 85' lang='lat'>))</span> <span class='ocrx_word' id='word_1_136' title='bbox 1283 1555 1515 1613; x_wconf 85' lang='lat' dir='ltr'>appellat;</span> 
     </span>
     <span class='ocr_line' id='line_1_18' title="bbox 106 1638 1517 1697; baseline -0.001 -13"><span class='ocrx_word' id='word_1_137' title='bbox 106 1651 161 1684; x_wconf 86' lang='lat' dir='ltr'>ex</span> <span class='ocrx_word' id='word_1_138' title='bbox 184 1651 277 1697; x_wconf 89' lang='lat' dir='ltr'>quo</span> <span class='ocrx_word' id='word_1_139' title='bbox 302 1639 448 1697; x_wconf 89' lang='lat' dir='ltr'>liquet</span> <span class='ocrx_word' id='word_1_140' title='bbox 470 1651 575 1685; x_wconf 89' lang='lat' dir='ltr'>eum</span> <span class='ocrx_word' id='word_1_141' title='bbox 602 1651 739 1684; x_wconf 87' lang='lat' dir='ltr'>usum</span> <span class='ocrx_word' id='word_1_142' title='bbox 769 1651 872 1684; x_wconf 83' lang='lat' dir='ltr'>esse</span> <span class='ocrx_word' id='word_1_143' title='bbox 894 1638 1149 1697; x_wconf 78' lang='lat' dir='ltr'>exemplari</span> <span class='ocrx_word' id='word_1_144' title='bbox 1179 1638 1250 1684; x_wconf 83' lang='lat' dir='ltr'>oui</span> <span class='ocrx_word' id='word_1_145' title='bbox 1282 1650 1517 1696; x_wconf 75' lang='lat' dir='ltr'>nusquam</span> 
     </span>
     <span class='ocr_line' id='line_1_19' title="bbox 107 1722 1516 1781; baseline -0.001 -14"><span class='ocrx_word' id='word_1_146' title='bbox 107 1723 386 1781; x_wconf 81' lang='lat' dir='ltr'>inscriptum</span> <span class='ocrx_word' id='word_1_147' title='bbox 426 1727 523 1768; x_wconf 86' lang='lat' dir='ltr'>erat</span> <span class='ocrx_word' id='word_1_148' title='bbox 551 1722 793 1780; x_wconf 77' lang='lat' dir='ltr'>scriptoris</span> <span class='ocrx_word' id='word_1_149' title='bbox 829 1734 1022 1773; x_wconf 82' lang='lat' dir='ltr'>nomen,</span> <span class='ocrx_word' id='word_1_150' title='bbox 1054 1722 1118 1767; x_wconf 87' lang='lat' dir='ltr'>ita</span> <span class='ocrx_word' id='word_1_151' title='bbox 1146 1728 1194 1767; x_wconf 87' lang='lat' dir='ltr'>ut</span> <span class='ocrx_word' id='word_1_152' title='bbox 1224 1722 1310 1768; x_wconf 81' lang='lat' dir='ltr'>hoe</span> <span class='ocrx_word' id='word_1_153' title='bbox 1338 1727 1516 1767; x_wconf 85' lang='lat' dir='ltr'>tantum</span> 
     </span>
     <span class='ocr_line' id='line_1_20' title="bbox 108 1805 1450 1864; baseline -0.001 -13"><span class='ocrx_word' id='word_1_154' title='bbox 108 1805 283 1852; x_wconf 89' lang='lat' dir='ltr'>sentire</span> <span class='ocrx_word' id='word_1_155' title='bbox 311 1806 532 1864; x_wconf 87' lang='lat' dir='ltr'>potuerit,</span> <span class='ocrx_word' id='word_1_156' title='bbox 562 1805 836 1864; x_wconf 81' lang='lat' dir='ltr'>scriptorem</span> <span class='ocrx_word' id='word_1_157' title='bbox 866 1805 1129 1851; x_wconf 78' lang='lat' dir='ltr'>Picardicae</span> <span class='ocrx_word' id='word_1_158' title='bbox 1151 1806 1303 1864; x_wconf 82' lang='lat' dir='ltr'>gentis</span> <span class='ocrx_word' id='word_1_159' title='bbox 1330 1818 1450 1851; x_wconf 83' lang='lat' dir='ltr'>esse.</span> 
     </span>
     <span class='ocr_line' id='line_1_21' title="bbox 172 1888 1516 1948; baseline 0 -14"><span class='ocrx_word' id='word_1_160' title='bbox 172 1888 454 1935; x_wconf 82' lang='lat' dir='ltr'>Infortunati</span> <span class='ocrx_word' id='word_1_161' title='bbox 481 1895 642 1935; x_wconf 86' lang='lat' dir='ltr'>contra</span> <span class='ocrx_word' id='word_1_162' title='bbox 670 1901 843 1934; x_wconf 90' lang='lat' dir='ltr'>nomen</span> <span class='ocrx_word' id='word_1_163' title='bbox 873 1889 1151 1948; x_wconf 88' lang='lat' dir='ltr'>saepissime</span> <span class='ocrx_word' id='word_1_164' title='bbox 1189 1889 1363 1934; x_wconf 77' lang='lat' dir='ltr'>indicat</span> <span class='ocrx_word' id='word_1_165' title='bbox 1391 1894 1435 1934; x_wconf 90' lang='lat' dir='ltr'>et</span> <span class='ocrx_word' id='word_1_166' title='bbox 1463 1901 1516 1934; x_wconf 86' lang='lat' dir='ltr'>ex</span> 
     </span>
     <span class='ocr_line' id='line_1_22' title="bbox 107 1971 1516 2031; baseline -0.001 -14"><span class='ocrx_word' id='word_1_167' title='bbox 107 1971 209 2030; x_wconf 88' lang='lat' dir='ltr'>ejus</span> <span class='ocrx_word' id='word_1_168' title='bbox 236 1971 355 2017; x_wconf 91' lang='lat' dir='ltr'>libro</span> <span class='ocrx_word' id='word_1_169' title='bbox 383 1972 530 2018; x_wconf 92' lang='lat' dir='ltr'>multa</span> <span class='ocrx_word' id='word_1_170' title='bbox 558 1977 774 2031; x_wconf 82' lang='lat' dir='ltr'>excerpta</span> <span class='ocrx_word' id='word_1_171' title='bbox 804 1972 964 2023; x_wconf 85' lang='lat' dir='ltr'>refert,</span> <span class='ocrx_word' id='word_1_172' title='bbox 998 1971 1063 2018; x_wconf 87' lang='lat' dir='ltr'>ita</span> <span class='ocrx_word' id='word_1_173' title='bbox 1092 1977 1140 2018; x_wconf 93' lang='lat' dir='ltr'>ut</span> <span class='ocrx_word' id='word_1_174' title='bbox 1168 1972 1274 2030; x_wconf 88' lang='lat' dir='ltr'>quis</span> <span class='ocrx_word' id='word_1_175' title='bbox 1313 1973 1415 2018; x_wconf 86' lang='lat' dir='ltr'>sine</span> <span class='ocrx_word' id='word_1_176' title='bbox 1443 1973 1516 2017; x_wconf 91' lang='lat' dir='ltr'>in-</span> 
     </span>
     <span class='ocr_line' id='line_1_23' title="bbox 103 2054 1516 2114; baseline 0.001 -14"><span class='ocrx_word' id='word_1_177' title='bbox 103 2054 228 2113; x_wconf 85' lang='lat' dir='ltr'>juria</span> <span class='ocrx_word' id='word_1_178' title='bbox 271 2054 394 2101; x_wconf 87' lang='lat' dir='ltr'>dieat</span> <span class='ocrx_word' id='word_1_179' title='bbox 433 2055 778 2102; x_wconf 75' lang='lat' dir='ltr'>Intortunatum</span> <span class='ocrx_word' id='word_1_180' title='bbox 825 2055 973 2101; x_wconf 86' lang='lat' dir='ltr'>Fabro</span> <span class='ocrx_word' id='word_1_181' title='bbox 1014 2056 1313 2114; x_wconf 83' lang='lat' dir='ltr'>praecipuum</span> <span class='ocrx_word' id='word_1_182' title='bbox 1352 2055 1516 2102; x_wconf 85' lang='lat' dir='ltr'>ducem</span> 
     </span>
     <span class='ocr_line' id='line_1_24' title="bbox 106 2137 1518 2199; baseline 0.001 -15"><span class='ocrx_word' id='word_1_183' title='bbox 106 2137 278 2192; x_wconf 85' lang='lat' dir='ltr'>fuisse,</span> <span class='ocrx_word' id='word_1_184' title='bbox 320 2151 422 2185; x_wconf 83' lang='lat' dir='ltr'>eum</span> <span class='ocrx_word' id='word_1_185' title='bbox 459 2140 738 2199; x_wconf 87' lang='lat' dir='ltr'>plerumque</span> <span class='ocrx_word' id='word_1_186' title='bbox 776 2139 904 2186; x_wconf 90' lang='lat' dir='ltr'>illius</span> <span class='ocrx_word' id='word_1_187' title='bbox 942 2152 1103 2186; x_wconf 86' lang='lat' dir='ltr'>versus</span> <span class='ocrx_word' id='word_1_188' title='bbox 1140 2140 1187 2185; x_wconf 88' lang='lat' dir='ltr'>in</span> <span class='ocrx_word' id='word_1_189' title='bbox 1221 2141 1362 2198; x_wconf 75' lang='lat' dir='ltr'>huius</span> <span class='ocrx_word' id='word_1_190' title='bbox 1401 2153 1518 2199; x_wconf 86' lang='lat' dir='ltr'>opus</span> 
     </span>
     <span class='ocr_line' id='line_1_25' title="bbox 107 2222 1516 2269; baseline 0.001 -2"><span class='ocrx_word' id='word_1_191' title='bbox 107 2222 261 2269; x_wconf 89' lang='lat' dir='ltr'>soluta</span> <span class='ocrx_word' id='word_1_192' title='bbox 285 2222 497 2269; x_wconf 90' lang='lat' dir='ltr'>oratione</span> <span class='ocrx_word' id='word_1_193' title='bbox 524 2223 845 2269; x_wconf 84' lang='lat' dir='ltr'>traducantur.</span> <span class='ocrx_word' id='word_1_194' title='bbox 880 2223 1136 2269; x_wconf 89' lang='lat' dir='ltr'>Utilitatem</span> <span class='ocrx_word' id='word_1_195' title='bbox 1165 2229 1321 2269; x_wconf 88' lang='lat' dir='ltr'>tamen</span> <span class='ocrx_word' id='word_1_196' title='bbox 1352 2224 1516 2269; x_wconf 89' lang='lat' dir='ltr'>etiam-</span> 
     </span>
     <span class='ocr_line' id='line_1_26' title="bbox 107 2303 1518 2365; baseline 0.002 -15"><span class='ocrx_word' id='word_1_197' title='bbox 107 2303 220 2350; x_wconf 92' lang='lat' dir='ltr'>dum</span> <span class='ocrx_word' id='word_1_198' title='bbox 255 2305 402 2352; x_wconf 89' lang='lat' dir='ltr'>Faber</span> <span class='ocrx_word' id='word_1_199' title='bbox 439 2306 658 2364; x_wconf 89' lang='lat' dir='ltr'>praebet,</span> <span class='ocrx_word' id='word_1_200' title='bbox 700 2319 803 2353; x_wconf 84' lang='lat' dir='ltr'>eum</span> <span class='ocrx_word' id='word_1_201' title='bbox 843 2306 1074 2365; x_wconf 83' lang='lat' dir='ltr'>quaedam</span> <span class='ocrx_word' id='word_1_202' title='bbox 1115 2307 1394 2353; x_wconf 84' lang='lat' dir='ltr'>Infortunati</span> <span class='ocrx_word' id='word_1_203' title='bbox 1439 2307 1518 2353; x_wconf 92' lang='lat' dir='ltr'>ob-</span> 
     </span>
     <span class='ocr_line' id='line_1_27' title="bbox 108 2388 1517 2448; baseline 0.001 -16"><span class='ocrx_word' id='word_1_204' title='bbox 108 2399 243 2434; x_wconf 86' lang='lat' dir='ltr'>seura</span> <span class='ocrx_word' id='word_1_205' title='bbox 281 2388 488 2435; x_wconf 83' lang='lat' dir='ltr'>dilucida</span> <span class='ocrx_word' id='word_1_206' title='bbox 527 2389 758 2441; x_wconf 80' lang='lat' dir='ltr'>effecerit,</span> <span class='ocrx_word' id='word_1_207' title='bbox 803 2389 1033 2448; x_wconf 82' lang='lat' dir='ltr'>quaedam</span> <span class='ocrx_word' id='word_1_208' title='bbox 1073 2390 1396 2436; x_wconf 77' lang='lat' dir='ltr'>constrictiora</span> <span class='ocrx_word' id='word_1_209' title='bbox 1437 2402 1517 2436; x_wconf 78' lang='lat' dir='ltr'>ex-</span> 
     </span>
     <span class='ocr_line' id='line_1_28' title="bbox 107 2469 1516 2528; baseline 0.002 -13"><span class='ocrx_word' id='word_1_210' title='bbox 107 2469 348 2528; x_wconf 84' lang='lat' dir='ltr'>plicaverit</span> <span class='ocrx_word' id='word_1_211' title='bbox 374 2473 443 2518; x_wconf 88' lang='lat' dir='ltr'>vel</span> <span class='ocrx_word' id='word_1_212' title='bbox 473 2473 611 2518; x_wconf 89' lang='lat' dir='ltr'>etiam</span> <span class='ocrx_word' id='word_1_213' title='bbox 637 2474 832 2519; x_wconf 90' lang='lat' dir='ltr'>omnino</span> <span class='ocrx_word' id='word_1_214' title='bbox 856 2473 994 2518; x_wconf 81' lang='lat' dir='ltr'>aliam</span> <span class='ocrx_word' id='word_1_215' title='bbox 1026 2473 1308 2520; x_wconf 84' lang='lat' dir='ltr'>sententiam</span> <span class='ocrx_word' id='word_1_216' title='bbox 1339 2474 1516 2519; x_wconf 86' lang='lat' dir='ltr'>tulerit.</span> 
     </span>
    </p>
   </div>
   <div class='ocr_carea' id='block_1_3' title="bbox 151 2677 988 2777">
    <p class='ocr_par' dir='ltr' id='par_1_3' title="bbox 151 2677 988 2777">
     <span class='ocr_line' id='line_1_29' title="bbox 167 2677 646 2709; baseline 0.004 -1"><span class='ocrx_word' id='word_1_217' title='bbox 167 2677 176 2708; x_wconf 84' lang='lat'>1</span> <span class='ocrx_word' id='word_1_218' title='bbox 218 2677 257 2708; x_wconf 90' lang='grc' dir='ltr'>Ρ.</span> <span class='ocrx_word' id='word_1_219' title='bbox 280 2677 330 2709; x_wconf 76' lang='lat'>3⁶2.</span> <span class='ocrx_word' id='word_1_220' title='bbox 643 2692 646 2696; x_wconf 88' lang='lat'>·</span> 
     </span>
     <span class='ocr_line' id='line_1_30' title="bbox 151 2677 988 2777; baseline 0.004 -11"><span class='ocrx_word' id='word_1_221' title='bbox 151 2677 194 2777; x_wconf 55' lang='lat'>{2}</span> <span class='ocrx_word' id='word_1_222' title='bbox 215 2735 268 2768; x_wconf 83' lang='lat' dir='ltr'>Cf.</span> <span class='ocrx_word' id='word_1_223' title='bbox 293 2736 468 2777; x_wconf 85' lang='lat' dir='ltr'>Zschalig‚</span> <span class='ocrx_word' id='word_1_224' title='bbox 491 2739 557 2769; x_wconf 87' lang='lat' dir='ltr'>loc.</span> <span class='ocrx_word' id='word_1_225' title='bbox 581 2740 654 2777; x_wconf 59' lang='lat' dir='ltr'>cit„</span> <span class='ocrx_word' id='word_1_226' title='bbox 678 2748 711 2777; x_wconf 89' lang='lat' dir='ltr'>p.</span> <span class='ocrx_word' id='word_1_227' title='bbox 738 2738 787 2775; x_wconf 82' lang='lat'>31,</span> <span class='ocrx_word' id='word_1_228' title='bbox 812 2737 916 2776; x_wconf 77' lang='lat'><strong>41-43,</strong></span> <span class='ocrx_word' id='word_1_229' title='bbox 940 2737 988 2769; x_wconf 68' lang='lat'>52.</span> 
     </span>
    </p>
   </div>
  </div>
 </body>
</html>
