1788 3055
201 802 446 837 GRATIANI
495 803 561 838 DE
608 804 803 849 PONTE,
849 805 952 838 ART
991 804 1054 838 ET
1095 804 1306 840 SCIENCE
1349 805 1414 839 DE
1464 804 1625 841 RETO-

646 893 803 934 RIQUE
842 893 1175 929 METRIFFIEE.

264 1110 422 1156 Artem
443 1122 628 1162 novam,
646 1123 771 1156 anno
791 1112 929 1163 1559,
950 1110 1100 1157 edidit
1115 1112 1369 1158 Gratianus
1386 1113 1442 1160 de
1457 1113 1621 1166 Ponte,

201 1193 461 1255 scutarius7
489 1193 712 1239 dominus
742 1193 799 1239 de
826 1195 1056 1246 Drusac0‚
1089 1195 1242 1240 locum
1272 1200 1440 1241 tenens
1477 1196 1624 1242 laicus

199 1276 432 1333 generalis
456 1275 769 1322 senescalciac
785 1277 1046 1322 Tolosanae
1067 1274 1150 1337 (1).
1170 1277 1344 1333 Quinto
1366 1283 1475 1325 ante
1497 1290 1624 1325 anno

201 1358 454 1404 Gratianus
502 1358 673 1404 librum
714 1358 966 1416 quemdam
1011 1357 1338 1405 Controverses
1379 1359 1458 1405 des
1495 1375 1626 1406 semes

200 1440 428 1484 mascalia
455 1445 497 1485 et
522 1440 725 1500 felmz‘m‘n
750 1441 1030 1500 inscriptum
1060 1443 1325 1501 collegerat,
1353 1456 1379 1488 a
1407 1456 1500 1502 quo
1526 1456 1623 1490 non

200 1529 351 1582 potest
372 1525 458 1570 Ars
484 1525 713 1583 disjungi.
743 1526 791 1569 In
819 1525 898 1570 illo
920 1526 1045 1571 enirn
1067 1526 1337 1578 Gratianus,
1365 1545 1383 1567 (ι
1407 1528 1624 1586 quamvis

202 1607 248 1652 in
292 1607 452 1654 auimo
495 1608 666 1654 haheat
707 1621 955 1666 pravarum
1000 1609 1252 1655 mulierum
1294 1616 1527 1657 naturam·
1552 1624 1623 1657 ar-

200 1702 357 1748 guere,
390 1690 507 1735 illud
537 1691 834 1749 praesertim,
862 1695 912 1737 ut
935 1691 1036 1750 ipse
1061 1691 1142 1744 ait,
1168 1692 1258 1738 sibi
1286 1694 1534 1752 proposuit
1557 1695 1622 1740 uti

198 1772 586 1819 adulescentibus
623 1773 885 1820 rhetoricae
919 1773 1172 1821 discendae
1200 1775 1385 1835 cupidis
1413 1776 1623 1835 omnige-

200 1868 366 1901 narum
393 1856 721 1915 rhythmorum
739 1857 955 1915 exempla
972 1857 1332 1916 suppeditaret»
1360 1857 1621 1919 (2).Ατῑθ[η

198 1937 387 1996 scripsit
426 1943 477 1984 ut
517 1939 746 1997 exemplis
786 1939 833 1984 in
874 1937 1217 1984 Controversz'is
1255 1941 1442 1987 traditis
1488 1953 1621 1999 prae-

199 2025 330 2079 cepta
354 2022 660 2081 conjungeret
686 2039 695 2067 :
725 2022 837 2069 inde
865 2023 987 2068 hanc
1013 2023 1221 2082 legentes
1249 2024 1306 2070 ad
1341 2022 1621 2069 Controver-

196 2103 289 2147 sias
318 2104 544 2150 continuo
572 2109 726 2157 vocat;
747 2106 811 2151 ita
833 2111 884 2151 ut
905 2105 1076 2152 arctior
1101 2106 1162 2152 sit
1186 2106 1310 2153 iuter
1336 2107 1444 2153 illos
1472 2107 1621 2155 libros

198 2186 430 2245 cognatio,
456 2199 560 2232 cum
591 2187 735 2233 unius
761 2187 972 2246 ejusdem
997 2189 1155 2246 operis
1184 2189 1305 2236 duae
1332 2195 1488 2247 partes
1517 2202 1622 2237 esse

197 2269 472 2321 videantur,
511 2283 652 2328 quam
689 2271 811 2317 inter
848 2270 1130 2316 lufortunati
1159 2272 1317 2317 Artem
1367 2277 1411 2317 et
1456 2272 1619 2319 collec-

198 2358 334 2399 tanea.
361 2354 537 2413 quihus
566 2359 636 2401 est
668 2354 831 2401 titulus
859 2353 1037 2399 Jardin
1065 2354 1122 2399 de
1150 2354 1418 2401 Plav'sance.

261 2438 311 2481 In
342 2437 657 2496 grandiloquo
684 2437 891 2496 quodam
918 2438 1158 2497 prooemio
1181 2438 1374 2485 laudata
1397 2439 1501 2498 ipsa
1528 2439 1619 2485 elo-

236 2606 277 2645 (1)
299 2606 447 2637 Gratim]
467 2607 514 2637 du
538 2608 642 2643 Pont,
666 2608 812 2648 bouyer,
839 2609 1010 2648 seignour
1029 2607 1073 2639 do
1094 2608 1245 2648 Drusac,
1267 2608 1471 2640 lieutenant
1491 2610 1538 2641 lai
1559 2610 1616 2651 ge-

196 2665 293 2696 neral
323 2666 366 2695 -10
390 2667 647 2706 mousoigneur
674 2669 705 2697 ln
731 2667 917 2704 sonechai,
941 2677 984 2698 οη
1007 2668 1039 2698 la
1061 2667 1326 2700 sonechaussee
1349 2668 1393 2700 do
1415 2669 1612 2701 Toulouse.

235 2724 277 2765 (⁶2)
299 2725 495 2763 Pellissicr‚
521 2736 552 2766 p.
576 2726 625 2758 23.
