1788 3055
725 192 850 231 -‘71
886 214 936 221 .-

129 285 351 344 Strophae
390 283 515 335 Qu’z'l
555 284 636 328 soit
671 284 817 335 ainsi,
858 284 1020 331 tertiae
1067 283 1135 330 Or
1178 285 1358 330 aimons
1399 285 1533 338 donc,

129 373 323 428 quartae
350 367 406 414 Si
429 375 491 414 est
520 368 733 420 l'amcmt,
757 369 950 426 quintae
975 367 1132 414 Darne
1157 368 1435 414 d’lzomzeur.

197 454 272 498 150
310 450 418 498 Lai.
458 451 871 498 Praestantissima
914 452 1128 510 exempla
1166 452 1291 511 apud
1332 453 1534 498 Alanum

128 535 354 595 reperias,

196 619 273 663 16⁰
306 616 500 663 Virelai.
532 618 840 676 Strophai-um
869 629 1095 663 numerus
1131 617 1337 663 inoertus
1367 622 1462 669 est;
1495 618 1536 664 si

127 706 283 748 tamen
308 700 554 748 duodecim
573 700 791 759 strophas
813 711 869 746 ex
891 699 1133 747 versiculis
1156 700 1338 752 feceris,
1359 700 1535 760 optime

126 784 232 831 erit.
295 791 298 793 ’

196 868 271 912 170
304 865 526 913 Adnexus
564 866 813 926 rhythmus
841 866 894 912 fit
931 878 1035 912 oum
1075 870 1336 913 extremum
1373 878 1534 913 versus

126 949 319 996 verbum
344 950 415 995 vel
443 949 585 1008 hujus
615 949 740 996 verbi
769 949 897 1008 prior
917 955 997 996 aut
1019 949 1165 996 altera
1187 963 1311 1008 pars,
1339 950 1534 1010 syllabis

127 1033 414 1093 quibusdam
451 1032 646 1092 adjectis
681 1045 800 1092 quae
836 1045 993 1079 vocem
1028 1038 1073 1079 et
1109 1033 1391 1080 sententiam
1427 1046 1530 1080 mu-

125 1121 248 1170 tent,
279 1116 414 1162 initio
444 1117 646 1175 proximi
677 1129 836 1162 versus
867 1117 1092 1176 repetitur
1121 1115 1205 1177 (1).

194 1201 269 1245 18⁰
304 1200 648 1246 concatenatus
686 1199 936 1259 rhythmus
973 1199 1172 1246 efficitur
1196 1213 1299 1246 cum
1326 1201 1528 1247 voeabu-

124 1283 222 1329 lum
248 1295 395 1329 unum
424 1288 468 1329 et
491 1282 635 1337 idem,
661 1283 785 1328 vario
815 1282 1006 1341 quidem
1037 1295 1197 1338 sensu,
1230 1284 1450 1330 ultimum
1480 1283 1532 1331 fit

123 1365 316 1413 alterius
346 1378 525 1418 versm,
556 1371 600 1412 et
623 1366 824 1425 proximi
850 1366 1054 1425 primum
1090 1365 1171 1427 (2).

193 1452 268 1495 ⁴19⁰
295 1451 562 1508 Laqueatus
591 1449 839 1508 rhythmus
875 1450 962 1495 hoo
992 1462 1019 1494 a
1044 1454 1345 1497 concatenato
1378 1450 1534 1497 differt

123 1533 250 1593 quod
296 1532 490 1579 alterius
537 1545 695 1579 versus
737 1533 902 1579 ultima
941 1538 1121 1580 tantum
1165 1535 1360 1582 extremi
1404 1535 1530 1581 verbi

123 1615 304 1675 syllaba
330 1615 466 1662 initio
495 1616 792 1674 insequentis
818 1628 979 1662 versus
1004 1617 1199 1663 iteratur
1225 1615 1306 1678 (5),

189 1701 267 1745 200
295 1700 557 1746 Coronatus
585 1700 656 1746 vel
677 1699 815 1746 etiam
843 1701 1062 1758 equitans
1088 1701 1271 1760 (gallice
1297 1703 1327 1747 ci
1353 1701 1525 1763 chet-al)

126 1783 374 1843 rhythmus
403 1782 574 1829 dicitur
608 1796 711 1830 oum
740 1783 1053 1842 penultimum
1081 1784 1273 1830 verbum
1303 1787 1532 1845 cujusque

125 1880 286 1914 versus
327 1867 688 1927 monosyllabon
727 1872 797 1913 est
832 1872 876 1914 et
913 1860 1035 1913 idem
1077 1874 1265 1915 resonat
1290 1882 1343 1915 ao
1379 1870 1531 1928 prima

124 1950 278 1998 ultImi
304 1950 433 1998 verbi
459 1950 641 2011 syllaba
673 1950 756 2012 (4).
785 1977 841 1984 —
865 1952 915 1996 In
947 1952 1286 1999 recentioribus
1315 1952 1526 2007 Artibus,

163 2177 205 2217 (1)
376 2176 479 2207 Ainsi
498 2184 536 2206 se
556 2175 621 2206 fait
640 2175 729 2206 rime
747 2184 930 2213 armexee,

369 2238 570 2267 Annexant
591 2243 673 2266 vers
698 2244 717 2265 a
738 2237 840 2265 autre
862 2244 993 2266 envers

372 2294 545 2325 Versifiee
550 2318 936 2326 ........

163 2355 205 2396 (Q)
373 2354 476 2386 Ainsi
499 2353 536 2385 'se
555 2354 633 2385 font
655 2353 849 2384 enchaines
872 2363 965 2391 vers,

371 2417 460 2444 Vers
480 2414 532 2444 les
552 2414 622 2445 viss
644 2413 770 2453 engins
792 2422 930 2444 comme
952 2423 1056 2451 sens,

369 2476 462 2505 Sens
467 2495 1022 2505 ...........

165 2534 208 2574 (3)
374 2533 637 2564 D'entrelassez
658 2541 740 2563 vers
763 2532 920 2572 plaisans
942 2534 1127 2572 gracieux.

370 2594 466 2624 Eulx
488 2601 525 2623 se
546 2591 703 2623 forment
724 2600 768 2622 en
789 2592 858 2622 tele
879 2592 993 2623 forme
1012 2592 1106 2623 ainsi

370 2654 410 2684 Si
414 2674 1074 2685 .............

165 2711 208 2752 (4)
374 2711 443 2743 Les
465 2720 546 2744 vers
566 2711 613 2742 ici
635 2714 717 2742 sont
739 2720 776 2742 es
798 2720 907 2742 cours
928 2713 1156 2751 couronne‘s,
