1788 3055
677 188 886 226 -49-

74 279 214 325 modo
236 291 401 325 omnes
425 291 586 324 versus
608 281 676 336 cuj
688 292 837 337 usque
863 280 1089 337 poematis
1111 282 1248 339 aequi
1270 282 1382 334 sint,
1408 294 1485 328 ex-

74 367 205 420 cepto
234 367 388 407 tamen
420 362 500 419 qui
532 380 549 401 (ι
579 376 682 404 vers
707 363 851 420 compe?
882 381 898 401 »
937 362 1124 413 dicitur,
1156 377 1258 409 cum
1287 364 1485 410 dimidio

73 445 240 490 ceteris
269 444 424 489 minor
457 455 560 489 esse
599 444 783 489 debeat.
817 444 900 488 Pro
930 446 1144 503 exemplo
1180 447 1402 491 carminis
1439 448 1484 492 in

73 540 167 585 quo
197 527 400 585 quisque
425 538 586 572 versus
618 526 977 585 monosyllabon
1009 528 1069 572 sit
1098 528 1364 574 rondellum
1390 530 1485 587 jam

71 609 121 654 in
149 609 259 654 Arte
286 608 459 655 codicis
497 608 597 653 Bib.
630 614 747 661 nat.‚
780 607 904 653 Noe.
934 609 1066 669 Acq„
1104 612 1227 655 4257
1255 611 1484 657 insertum

72 692 272 750 scriptor
299 691 453 737 refert.
481 691 720 749 Additque
752 708 761 736 ε
800 709 817 732 α
844 693 956 738 Item
982 705 1041 737 ou
1065 693 1164 739 doit
1189 694 1368 750 scavoir
1397 707 1488 753 que

73 779 458 821 commuuement
500 774 689 820 rondelz
736 787 794 821 ne
839 775 1032 821 balades
1077 777 1209 822 n’ont
1256 778 1389 835 point
1432 777 1489 824 de

72 857 271 904 nombre
309 857 366 903 de
409 857 583 903 silabes
619 871 675 903 en
716 859 841 903 leurs
879 858 1100 910 bastons,
1135 861 1255 905 mais
1293 860 1377 905 lais
1406 865 1489 906 ont

71 941 312 998 tousJ'ours
339 954 385 985 vl
415 940 607 987 silabes.
641 959 658 981 n

138 1024 189 1068 In
219 1024 306 1069 hoc
337 1029 493 1070 autem
534 1024 591 1069 de
631 1023 698 1067 lai
723 1029 998 1082 praecepto,
1030 1037 1134 1070 cum
1166 1038 1192 1070 a
1221 1026 1403 1084 legibus
1432 1026 1489 1072 de

73 1106 249 1164 quibus
277 1119 442 1153 omnes
479 1107 784 1153 consentiunt
819 1108 955 1165 longe
983 1096 1228 1158 dissideat,
1260 1109 1490 1155 erravisse

73 1190 349 1248 scriptorem
376 1190 612 1236 existimo.

87 1294 89 1296 ·
138 1273 185 1318 Si
240 1273 348 1331 quis
401 1273 514 1319 artis
566 1273 841 1319 Rhetoricae
889 1274 1182 1332 rhythmicae
1231 1276 1490 1321 recentiora

73 1356 292 1402 instituta
319 1369 598 1415 cognoscere
625 1357 751 1408 velit,
784 1369 976 1403 necesse
1003 1362 1074 1403 est
1101 1358 1158 1403 iis
1186 1358 1266 1416 qui
1292 1358 1491 1404 ballatas

74 1444 119 1485 et
149 1439 388 1485 rondellos
418 1439 594 1485 faciunt
621 1440 819 1485 multum
849 1445 1024 1490 utatur,
1050 1453 1152 1486 cum
1180 1440 1226 1485 in
1257 1440 1490 1498 ejusmodi

75 1520 386 1567 conficiendis
415 1522 705 1567 carminibus
739 1521 942 1580 diligens
975 1523 1244 1568 exercitatio
1284 1523 1491 1581 requira-

75 1609 167 1650 tur.
202 1605 517 1660 Quamobrem
566 1605 681 1651 haec
727 1605 819 1650 duo
858 1617 1027 1663 genera
1070 1610 1250 1651 tantum
1294 1606 1340 1650 in
1383 1607 1491 1651 Arte

75 1686 422 1734 describentur.

141 1769 477 1816 Rondellorum
509 1775 732 1829 quattuor
761 1776 873 1837 sunt
911 1771 1090 1828 species
1133 1787 1142 1815 z
1192 1789 1208 1811 «
1248 1784 1348 1828 unq
1372 1769 1493 1831 petit

75 1851 243 1896 ronclel
262 1870 307 1905 »‚
329 1865 467 1911 quem
490 1866 633 1912 supra
656 1853 918 1911 simplicem
944 1853 1201 1911 appellavi;
1235 1870 1252 1893 «
1275 1867 1340 1896 un
1356 1852 1492 1912 plain

76 1936 240 1980 ronclel
266 1955 310 1989 »,
343 1937 390 1983 id
427 1943 497 1983 est
525 1937 698 1996 duplex
740 1936 1012 1987 rondellus;
1053 1955 1070 1977 «
1099 1951 1163 1980 zm
1198 1935 1358 1980 double
1384 1950 1491 1980 ron-

76 2019 188 2064 del»
206 2056 216 2072 ‚
241 2020 322 2078 qui
346 2033 372 2065 a
394 2020 638 2078 superiore
667 2025 850 2066 tantum
877 2032 930 2065 eo
958 2019 1114 2065 differt
1142 2019 1268 2077 quod
1291 2019 1491 2078 singulis

79 2102 321 2157 versibus,
361 2102 498 2148 initio
544 2103 773 2161 cujusque
821 2102 1044 2160 strophae
1089 2102 1353 2161 adjunctis,
1395 2115 1491 2148 am-

78 2186 200 2244 plior
228 2190 322 2237 est;
367 2203 385 2226 α
413 2199 514 2244 unq
549 2185 716 2229 ronclel
750 2199 778 2229 α
816 2199 921 2228 vers
956 2199 1130 2244 coppez
1166 2203 1211 2238 n,
1244 2197 1383 2243 quem
1413 2186 1493 2230 alii

80 2268 348 2315 rondellum
379 2268 487 2328 laye’
510 2269 775 2314 nominant.

146 2353 377 2399 Versuum
402 2353 726 2411 repetitorum,
756 2353 836 2411 qui
859 2352 1021 2411 gallice
1043 2352 1232 2412 refrcm'n
1254 2352 1492 2404 dicuntur,

83 2434 215 2480 nulla
243 2433 295 2479 fit
322 2435 516 2480 mentio.

150 2518 216 2563 De
241 2516 444 2567 ballata,
478 2518 597 2563 sicut
625 2517 683 2563 de
720 2516 960 2567 rondello‚
993 2517 1192 2575 scriptor
1221 2517 1339 2562 nihil
1368 2517 1497 2562 aliud

86 2599 220 2646 docet
254 2612 395 2658 quam
428 2613 521 2659 qua
552 2601 734 2646 ratione
771 2612 932 2646 versus
974 2600 1096 2645 inter
1134 2612 1183 2645 se
1217 2601 1494 2658 jungantur,

87 2695 243 2742 neque
270 2684 327 2730 de
355 2684 444 2730 hoc
471 2683 732 2743 quidquam
763 2684 869 2729 novi
899 2683 1054 2729 refert.

1254 2764 1277 2802 4
