1788 3055
896 189 1108 230 ...38-

301 286 454 333 verbis
491 288 739 330 contentus
779 281 918 328 fuerit
955 281 1019 327 ita
1063 279 1402 339 incipientibus
1441 282 1492 324 ut
1535 276 1705 324 vocalis

301 369 455 415 littera
499 368 778 425 insequatur
819 369 1176 411 consonantem.
1225 361 1467 421 Quidquid
1512 360 1561 407 id
1605 365 1703 414 est,

300 453 415 498 haec
451 450 596 497 series
638 449 775 495 nobis
813 453 883 495 est
918 447 1074 506 magni
1111 446 1246 506 pretii
1289 462 1299 491 z
1342 444 1546 504 plurima
1580 443 1707 490 enim

301 535 440 581 verba
459 534 669 580 continet
684 545 710 578 a
727 530 1089 590 lexicographiS‚
1111 529 1250 576 etiam
1268 541 1293 575 a
1311 527 1540 588 Godefroy
1555 526 1711 574 adhuc

302 618 495 664 omissa.
526 615 872 662 Nonnullorum
903 625 957 660 ex
986 613 1061 660 his
1089 612 1328 659 vocabulis
1356 624 1525 659 sensus
1552 610 1709 670 expla-

302 707 442 748 natur
473 698 552 761 (1).

368 784 575 830 Priorem
598 782 725 828 illam
750 781 918 828 seriem
939 781 1085 827 altera
1106 779 1321 839 sequitur
1339 779 1486 825 multo
1508 777 1709 838 longior,

299 868 645 928 justioremque
696 866 918 912 obtinens
972 865 1125 911 locum
1179 864 1228 909 in
1280 863 1390 910 Arte
1438 861 1713 909 Rhetoricae

305 950 612 1011 rhythmicae.
647 951 775 1006 Quae
810 949 955 996 series
992 952 1175 995 constat
1210 959 1264 994 ex
1307 965 1327 988 <1
1361 949 1473 990 mois
1503 944 1710 999 leonins,

300 1033 457 1094 plains
478 1047 691 1088 sormam,
723 1031 994 1093 equivoques
1019 1035 1060 1076 et
1083 1045 1339 1092 personans
1357 1066 1368 1083 ‚
1401 1048 1418 1072 υ
1454 1029 1714 1076 litterarum

349 1222 392 1261 (1)
414 1221 511 1252 Haec
529 1224 614 1252 sunt
636 1220 774 1260 aliquot
793 1221 958 1260 exempla
981 1230 986 1251 :

349 1281 464 1320 Bisse,
488 1281 549 1320 qui
571 1284 624 1311 est
646 1282 758 1311 beste.

349 1340 508 1378 Bibelos,
532 1340 592 1380 qui
614 1343 698 1370 sunt
721 1340 850 1370 choses
872 1339 1024 1370 d’estain
1046 1348 1090 1370 en
1111 1340 1296 1372 mercerie.

350 1400 493 1439 Bievre‚
515 1400 576 1440 qui
599 1403 652 1430 est
673 1408 744 1430 une
766 1401 878 1430 beste.

351 1460 523 1497 Bourras,
547 1460 591 1491 de
610 1469 681 1500 quo
703 1460 782 1499 (sic)
805 1460 857 1490 les
880 1460 1042 1491 orfevres
1062 1459 1224 1492 fendent,

352 1520 567 1557 Bombarde,
592 1519 635 1550 de
656 1522 868 1551 menestrer.

352 1579 527 1618 Camelot,
546 1580 607 1620 qui
626 1583 680 1610 est
701 1579 789 1619 drap
814 1579 858 1611 de
879 1588 978 1620 soye.

354 1639 541 1679 Cenoulle,
565 1640 627 1680 qui
652 1642 706 1670 est
726 1640 847 1670 herbe.

354 1699 481 1739 Coffin,
503 1709 523 1730 a
544 1702 673 1730 mettre
694 1699 791 1730 vires
815 1698 1060 1730 d'arbalestre.

353 1760 562 1800 Esquedon,
585 1759 694 1800 qu'on
715 1760 832 1790 alume
851 1759 984 1791 devant
1004 1760 1037 1790 le
1058 1759 1118 1790 feu
1138 1769 1203 1800 par
1223 1768 1274 1790 un
1294 1760 1390 1792 fusil.

356 1819 482 1859 Gesse,
504 1829 571 1859 roy
594 1819 637 1850 de
657 1818 776 1852 Surie.

357 1878 488 1918 Goulx,
512 1879 572 1919 qui
594 1882 648 1909 est
666 1879 790 1917 beste3
813 1882 859 1915 et,
883 1887 927 1909 en
949 1878 1097 1917 France,
1118 1879 1288 1919 s'appelle
1308 1887 1382 1919 ung
1402 1879 1480 1910 loir.

356 1939 553 1975 HareeHes,
579 1939 640 1978 qui
662 1941 744 1969 sont
766 1938 883 1969 osiere
906 1947 949 1969 en
970 1938 1119 1970 Franco.

356 1998 553 2035 Junbarbe,
577 1998 638 2038 qui
659 2001 712 2029 est
732 1998 842 2028 herbe
863 1997 993 2030 froide.

356 2057 476 2095 Joute,
499 2058 561 2097 qui
582 2060 635 2088 est
656 2066 767 2097 poree
789 2066 834 2088 en
856 2056 1007 2088 France.

358 2116 584 2155 Kalendrier,
608 2116 668 2157 qui
691 2120 744 2147 est
766 2116 853 2157 drap
876 2116 920 2148 de
943 2125 1045 2157 soye.

359 2176 440 2213 Kin,
458 2179 512 2207 est
531 2185 598 2216 roy
621 2185 666 2207 en
688 2176 840 2217 anglais.

358 2235 583 2275 Lardonche‚
605 2236 665 2275 qui
688 2239 742 2267 est
767 2235 868 2267 oisel.

350 2290 531 2335 ‘Loutres,
554 2295 615 2335 qui
639 2299 721 2326 sont
741 2296 880 2326 leurres
901 2304 946 2326 en
967 2295 1246 2336 Bourgoingoe,
1270 2295 1360 2328 dont
1381 2306 1428 2328 011
1450 2297 1515 2328 fait
1536 2297 1600 2329 des
1624 2297 1727 2328 four-

317 2363 433 2385 rures-

361 2413 526 2451 Pantere‚
550 2414 610 2454 qui
633 2418 686 2445 est
704 2423 779 2455 ung
799 2414 867 2445 mal
889 2423 958 2454 que
979 2414 1030 2445 les
1053 2415 1229 2455 oyseaulx
1255 2415 1298 2446 de
1319 2415 1421 2456 proie
1443 2418 1658 2457 prengnent.

361 2473 528 2511 Pantere,
551 2483 570 2503 a
590 2473 745 2513 prendre
768 2474 945 2514 oyseaulx
966 2474 1010 2504 de
1031 2477 1123 2514 nuyt
1144 2483 1206 2505 sur
1226 2475 1260 2505 la
1277 2474 1421 2506 riviere.

361 2531 525 2570 Rustres‚
548 2532 818 2573 d'AlIemaigne.

361 2591 462 2628 Tere,
485 2591 546 2631 qui
569 2594 623 2622 est
643 2600 717 2631 ung
738 2592 971 2632 oingnement
991 2592 1073 2623 noir
1094 2601 1114 2623 a
1135 2592 1263 2624 oindre
1284 2593 1404 2625 brebis
1425 2602 1663 2636 rongneuses.

362 2650 477 2681 Toute
501 2652 631 2690 bonne,
653 2651 714 2692 qui
736 2654 790 2682 est
811 2651 933 2685 herbe.

363 2709 438 2742 Ete.
