1788 3055
683 204 894 246 ..31-

87 309 314 344 numerus
342 297 422 344 ille
458 297 518 343 sit
554 296 744 347 firmus,
786 297 984 355 scriptor
1020 297 1135 342 haec
1176 313 1194 336 α
1223 296 1432 355 magistri
1464 314 1483 337 »

89 380 229 427 verba
251 379 389 426 refert
419 396 428 425 :

369 551 440 595 Qui
462 563 507 586 au
532 552 644 586 ebant
666 552 765 597 royal
788 552 1010 594 s'amosure,

373 616 484 651 Point
503 628 548 651 ne
569 616 592 650 li
613 617 704 651 fault
724 616 881 651 d'aultro
904 626 1066 650 [nesure.

155 786 287 842 Quod
330 785 562 832 distichon
586 823 595 838 ‚
644 798 746 831 cum
794 787 1008 832 neutrius
1057 786 1236 832 Artium
1282 785 1494 832 versibus

90 869 365 927 scriptarum
396 869 456 914 sit
482 881 601 927 quae
629 869 687 914 ad
716 881 801 914 nos
828 874 1143 927 pervenerunt
1169 873 1213 915 et
1234 869 1291 914 de
1319 869 1493 927 quibus

88 956 250 1010 postea
272 952 481 997 dicturus
505 964 627 1000 sum.
651 953 789 996 aliam
815 951 1069 1002 exstitisse,
1096 964 1222 996 nunc
1247 951 1489 1003 amissam,

89 1048 183 1093 qua
200 1040 360 1081 auctor
385 1040 544 1081 noster
574 1048 686 1080 usus
709 1041 795 1087 est,
820 1035 1039 1080 declarat.
1069 1035 1230 1080 Utrum
1257 1047 1360 1080 vero
1383 1035 1496 1080 haec

90 1118 300 1166 omnium
334 1118 660 1177 rhythmorum
702 1119 786 1163 Ars
825 1118 1045 1163 universa
1085 1117 1223 1163 fuerit
1257 1130 1314 1162 an
1354 1130 1495 1176 pecu-

90 1201 203 1247 liare
224 1206 404 1247 tautum
433 1202 648 1247 ludorum
673 1202 1008 1259 Dieppensiurn
1036 1205 1352 1258 praeceptum,
1374 1200 1496 1257 J'udi-

90 1284 225 1330 candi
252 1285 384 1343 copia
407 1285 520 1329 milii
552 1285 699 1331 deest.
726 1286 988 1343 Utcumque
1015 1290 1101 1335 est,
1136 1286 1221 1329 hoc
1250 1296 1341 1329 non
1370 1283 1496 1342 parvi

88 1368 225 1426 pretii
259 1374 615 1414 monumentum
656 1369 703 1413 in
748 1369 1047 1414 bibliothecis
1088 1367 1289 1426 publicis
1327 1367 1497 1413 frustra

90 1451 365 1509 perquisivi.

156 1534 327 1580 Eadem
358 1534 506 1580 forma
544 1539 613 1580 est
649 1533 951 1586 servantasii‚
983 1533 1215 1579 cantionis
1243 1534 1498 1579 amatoriae

91 1622 136 1663 et
173 1618 405 1663 cantionis
438 1618 608 1663 stultae
642 1623 783 1675 atque
817 1621 981 1662 cautus
1016 1616 1206 1674 regalis;
1248 1616 1496 1674 pastoralis

92 1700 231 1745 etiam
269 1700 328 1745 ab
379 1700 472 1746 illis
519 1700 770 1759 generibus
821 1701 907 1745 hoc
945 1705 1124 1745 tantum
1175 1699 1329 1745 differt
1371 1699 1496 1756 quod

93 1783 296 1840 quisque
315 1795 476 1829 versus
496 1796 589 1828 non
608 1796 660 1829 ex
683 1783 842 1829 decem
863 1784 1060 1828 seducto
1079 1782 1273 1841 syllabis
1296 1787 1494 1827 constat.

93 1865 257 1911 Cantio
269 1866 497 1924 quaedam
510 1866 882 1924 ainato'ria‚quae
895 1865 1134 1923 aquodam
1150 1867 1198 1910 Β.
1219 1865 1495 1923 composita,

93 1948 429 1995 Abbatisvillae
442 1950 650 2008 praemio
663 1948 836 1995 donata
849 1954 936 2000 est,
952 1961 1037 2008 pro
1051 1949 1265 2007 exemplo
1281 1948 1494 1994 habetur.

158 2032 459 2090 Praeceptum
484 2032 656 2078 deinde
681 2032 862 2084 datum,
891 2045 984 2090 quo
1010 2032 1324 2090 penultimum
1348 2032 1500 2090 cujus-

94 2126 185 2173 que
212 2115 432 2174 strophae
459 2116 505 2161 in
530 2115 821 2161 servantasio
850 2127 1036 2161 versum
1061 2115 1373 2160 masculinum
1397 2126 1501 2160 esse

93 2201 306 2256 oportere
351 2197 464 2244 dicit
510 2198 725 2256 scriptor,
769 2198 988 2244 ultimum
1036 2209 1142 2244 vero
1188 2197 1497 2250 femininum,

94 2292 197 2326 cum
226 2280 284 2325 ab
312 2293 364 2326 eo
394 2280 626 2339 discrepet
649 2281 908 2339 specimine
933 2280 1060 2339 quod
1080 2281 1236 2326 attulit
1261 2279 1501 2326 Baldettus

94 2363 275 2408 Herenc
306 2354 456 2409 etalii
486 2364 644 2416 multi,
676 2363 847 2410 falsum
877 2364 982 2410 ideo
1013 2364 1128 2409 mihi
1157 2376 1261 2410 esse
1288 2363 1497 2416 videtur:

94 2445 347 2491 verisimile
372 2451 442 2492 est
464 2446 604 2505 igitur
626 2452 862 2492 auctorem
890 2451 1103 2492 nostrum
1127 2446 1383 2492 nonnullos
1413 2458 1501 2497 ser,-

94 2529 330 2575 vantasios
367 2529 540 2576 vidisse
576 2530 623 2575 in
660 2530 833 2588 quihus
868 2530 1160 2588 penultimus
1199 2529 1499 2587 stropharum

97 2623 257 2657 versus
281 2611 570 2658 masculinus
595 2618 710 2666 erat,
728 2613 923 2658 ultimus
952 2624 1055 2658 vero
1084 2611 1358 2663 femininus,
1380 2616 1424 2657 et
1445 2623 1499 2657 ex

97 2705 150 2740 eo
178 2706 454 2753 persuasum
484 2696 710 2742 hahuisse
737 2696 858 2741 hanc
888 2707 1040 2741 veram
1069 2707 1175 2741 esse
1207 2707 1440 2741 normam.
