1788 3055
871 257 922 265 .-
953 236 1001 275 6ss
1032 258 1083 264 ,-

273 329 447 387 passim
479 333 662 387 carptae
691 333 828 387 sunt,
861 328 1133 387 collegisse,
1164 333 1207 374 et
1235 328 1501 374 Johannem
1532 329 1680 388 scrip-

273 417 415 458 torem
470 412 614 457 fuisse
661 410 1076 455 Lamentaciommz
1095 448 1105 461 ,
1155 412 1218 457 ita
1265 412 1352 457 hoc
1401 413 1681 470 praesertim

272 495 466 540 minime
486 495 631 553 liquet
659 495 935 540 alterutrum
960 494 1208 553 scripsisse
1237 499 1281 540 et
1307 493 1684 540 Lamentationes

270 583 314 624 et
339 576 547 621 Hortum
575 576 890 626 Deliciarum.
922 582 992 626 et,
1024 590 1050 622 a
1078 577 1284 629 fortiori,
1316 577 1473 624 Artem
1503 578 1677 624 Rheto-

271 661 392 707 ricae
418 661 709 720 rhythmicae
734 672 854 718 quae
881 659 1115 705 antecedit
1151 658 1235 719 (1).

336 745 541 790 Primum
581 744 737 790 editus
777 748 846 790 est
886 742 1066 787 Hortus
1109 742 1403 789 Deliciarum
1444 757 1569 791 anno
1611 746 1680 792 vel

276 830 393 873 1499
425 828 491 874 vei
528 829 661 878 1500,
690 840 782 885 quo
807 832 1015 885 tempore
1043 827 1118 872 hic
1146 826 1265 873 liber
1287 827 1489 886 scriptus
1516 833 1585 874 est
1607 830 1678 875 cui

270 912 433 957 titulus
461 911 548 956 fuit
577 923 696 963 non,
730 915 779 956 ut
807 911 940 969 vulgo
966 910 1221 963 asseritur,
1252 909 1405 955 Fleur
1430 910 1487 956 de
1513 910 1680 956 Rheto-

268 995 402 1054 rz'que
420 1031 430 1046 ‚
456 994 539 1041 sed
570 991 828 1054 Instructif
843 993 899 1039 de
928 993 973 1038 [α
993 993 1197 1040 Second&
1224 992 1510 1055 Rlze'torique
1533 1011 1546 1038 .-

553 1142 603 1176 Ce
626 1142 773 1176 traictie
796 1152 837 1176 se
861 1152 1012 1176 nomme
1034 1140 1236 1176 Instructif

552 1207 607 1242 Do
629 1208 662 1243 la
682 1208 848 1242 seconde
871 1207 1152 1254 Rethorieque‚

553 1273 623 1308 Par
644 1273 866 1308 l'Infortune
887 1274 1126 1309 constructis.

333 1428 480 1482 Quem
506 1426 694 1472 titulum
726 1425 858 1472 facile
887 1425 1033 1471 cuivis
1061 1426 1307 1484 apparebit
1345 1427 1547 1472 vicinum
1577 1439 1682 1474 esse

269 1511 419 1557 titulis
444 1510 643 1556 duorum
669 1522 861 1568 operum
886 1509 942 1554 de
965 1509 1140 1567 quibus
1164 1522 1307 1568 supra
1327 1515 1480 1555 actum
1505 1515 1575 1556 est
1593 1508 1676 1571 (2).

333 1596 458 1649 Quos
490 1594 715 1638 hactenus
747 1592 997 1650 scriptores
1034 1592 1427 1645 memoravimus,
1471 1593 1503 1638 ii
1543 1593 1680 1652 quasi

268 1684 440 1724 temere
461 1683 502 1723 et
531 1677 816 1728 inconsulte,
843 1677 973 1722 nulla
1001 1676 1181 1721 ratione
1210 1675 1442 1728 instituta,
1464 1677 1679 1736 progredi

268 1763 444 1813 soient,
473 1773 575 1806 cum
607 1761 878 1806 summatim
906 1760 1232 1806 tantummodo
1266 1773 1343 1806 eas
1380 1766 1534 1819 partes
1572 1773 1680 1808 con-

263 1846 465 1904 jungant
493 1857 613 1903 quae
642 1845 763 1890 inter
794 1857 843 1890 se
879 1844 1082 1890 maxime
1118 1856 1374 1902 congruere
1411 1843 1676 1890 videantur.

270 1930 352 1974 Hic
381 1941 486 1975 vero
516 1928 588 1973 via
616 1933 659 1974 et
687 1928 868 1973 ratione
897 1927 1123 1986 procedit,
1154 1931 1205 1972 ut
1231 1927 1362 1973 decet
1390 1928 1679 1986 praecipien-

268 2018 379 2058 tem.
420 2012 554 2058 Liber
590 2012 715 2057 enim
750 2011 1031 2056 Intortunati
1070 2011 1116 2055 in
1165 2011 1315 2069 capita
1364 2010 1590 2057 dividitur
1638 2015 1682 2058 et

268 2097 437 2142 iteruin
475 2096 523 2140 in
563 2095 898 2153 paragrapho&
932 2094 1205 2149 Quinimmo
1235 2106 1329 2139 non
1359 2094 1512 2139 solum
1541 2106 1681 2153 opere

268 2179 524 2237 incipiente
551 2179 803 2236 exponitur
835 2177 948 2223 ordo
983 2189 1197 2223 summae
1220 2177 1389 2230 totiuS‚
1426 2177 1508 2224 sed
1539 2178 1686 2224 etiam

269 2264 438 2321 cuique
466 2262 604 2320 capiti
634 2267 678 2307 et
706 2261 1032 2307 inscribuntur
1056 2266 1211 2319 partes
1237 2261 1452 2319 singulae
1479 2266 1524 2307 et
1551 2261 1682 2307 addi-

310 2460 353 2498 (1)
375 2459 597 2498 Cetei-oquin
620 2467 692 2489 non
719 2463 773 2489 est
797 2457 893 2497 quod
916 2457 1006 2488 effici
1029 2467 1101 2488 non
1123 2466 1230 2498 posse
1255 2457 1398 2488 credam
1422 2461 1462 2487 ut
1483 2466 1608 2489 omnes
1629 2457 1680 2489 si-

268 2520 340 2550 mul
364 2519 524 2550 contenti
547 2518 724 2557 evadant,
749 2518 778 2548 si
801 2519 882 2557 quis
904 2517 1105 2548 Johaunem
1129 2526 1370 2557 praenomen,
1390 2516 1591 2548 Jordanum
1613 2526 1679 2548 110-

268 2588 368 2615 men,
392 2578 573 2610 Calesium
596 2578 747 2618 originis
769 2579 909 2615 lucum,
934 2578 1200 2608 Infortunatun]
1223 2585 1425 2617 cognomen
1449 2576 1559 2608 unius
1580 2577 1679 2617 ejus-

269 2638 348 2668 dem
372 2646 548 2677 personae
571 2647 649 2668 esse
672 2637 913 2668 contenderit.

312 2697 353 2737 (⁸2)
376 2696 479 2730 Conf.
503 2707 536 2737 p.
558 2697 608 2735 25,
633 2699 758 2735 Reyles
780 2699 823 2728 cte
845 2699 876 2727 la
899 2698 1065 2728 Seconsle
1085 2696 1322 2734 Riielorique‚
1342 2698 1491 2726 auctore
1517 2695 1676 2735 incerto,

268 2761 302 2787 et
324 2766 356 2796 p.
381 2756 430 2795 36,
453 2758 642 2787 Doctrinal
666 2759 709 2787 de
731 2759 896 2788 seconde
917 2757 1149 2795 Rhetorique,
1166 2757 1314 2786 auctore
1337 2754 1504 2786 Baldetto
1519 2754 1673 2788 Herenc.
