1788 3055
694 173 879 210 ..7.-

81 265 296 324 aliasque
329 283 348 306 «
377 266 511 312 Artes
551 263 890 324 rythmicandi‚
923 282 941 306 1>
978 278 1004 311 a
1048 263 1338 311 doctissimis
1375 264 1488 311 viris

83 348 335 394 Hoffmann
387 346 447 408 (1)
500 352 544 394 et
601 348 735 393 Mone
796 345 857 407 (2)
917 348 1040 407 typis
1108 346 1386 400 mandataS‚
1442 353 1494 393 ut

82 443 202 489 quae
252 430 309 478 de
359 431 574 478 versibus
626 430 786 476 latinis
839 434 1068 482 tractent,
1128 430 1375 489 negligam.
1428 432 1492 477 De

81 513 354 573 provinciali
408 514 516 560 Arte
570 512 842 559 Rhetoricae
894 525 1013 571 quae
1064 512 1208 557 Flors
1262 512 1338 557 del
1393 528 1492 573 yay

79 595 230 642 Saber
263 596 549 655 appellatur,
583 596 688 642 ideo
723 600 905 642 tantum
949 597 1117 654 loquar
1155 601 1204 642 ut
1244 597 1490 643 ostendam

82 679 197 739 quid
250 692 374 726 unus
427 693 481 727 ex
534 679 713 740 gallicis
763 679 1034 726 auctoribus
1087 679 1197 726 inde
1250 684 1491 727 mutuatus

81 763 160 809 sit.

145 847 247 892 Non
276 846 392 893 mihi
420 846 671 893 consilium
709 851 778 893 est
814 846 1118 901 continuum,
1158 846 1490 893 historicorum

82 941 231 982 more,
281 929 495 977 ordinem
542 930 677 989 sequi
722 935 766 976 et
806 929 1050 976 materiam
1091 942 1147 977 ex
1182 929 1257 976 his
1298 929 1490 977 Artibus

81 1016 316 1070 sumptam
352 1012 416 1059 ita
456 1012 665 1072 digerere
700 1017 751 1059 ut
787 1017 882 1058 tota
920 1017 964 1059 et
999 1012 1230 1072 disposita
1269 1018 1492 1072 appareat

81 1094 334 1142 formarum
363 1096 650 1155 poeticarum
680 1096 789 1142 vita.
821 1096 1025 1155 Longius
1055 1097 1194 1142 etiam
1223 1097 1348 1144 absit
1375 1109 1487 1143 con-

80 1179 240 1225 silium
270 1179 523 1226 enarrandi
556 1192 677 1239 quae
710 1179 849 1226 fuerit
880 1179 975 1225 illis
1006 1179 1299 1239 temporibus
1332 1180 1490 1239 poesis

80 1262 294 1309 historia.
335 1264 432 1309 Hoc
469 1268 652 1310 tantum
699 1263 813 1309 mihi
853 1274 1065 1321 propono
1103 1268 1155 1309 ut
1199 1263 1307 1310 illae
1355 1263 1489 1310 Artes

79 1344 250 1391 clarius
283 1345 550 1404 meliusque
582 1358 722 1405 quam
761 1350 899 1392 antea
931 1350 1290 1405 cognoscantur,
1326 1350 1376 1392 ut
1409 1358 1488 1405 ap·

79 1433 240 1487 pareat
270 1433 385 1488 quot
422 1434 467 1476 et
493 1429 651 1488 qualia
682 1429 794 1475 inde
822 1428 1102 1476 documenta
1131 1429 1254 1475 sumi
1283 1429 1486 1488 possint.

81 1513 174 1558 Hos
202 1511 342 1571 igitur
368 1512 514 1558 libros
545 1511 710 1558 ordine
739 1524 1067 1572 recognoscam
1097 1524 1150 1559 eo
1179 1511 1354 1558 scilicet
1382 1524 1490 1571 pro-

79 1595 233 1653 posito
272 1600 321 1641 ut
354 1594 616 1648 indicetur,
653 1595 692 1641 si
732 1599 1049 1654 opportunum
1087 1595 1253 1650 fuerit,
1283 1595 1410 1642 unde
1446 1601 1491 1643 et

80 1691 135 1725 ex
165 1690 257 1737 quo
285 1678 412 1724 fonte
444 1678 693 1734 fluxerint,
722 1678 836 1738 quid
866 1679 988 1725 inter
1015 1691 1093 1725 eos
1122 1690 1370 1725 commune
1399 1679 1486 1732 sit,

81 1761 196 1820 quid
219 1761 474 1821 discrepet;
494 1766 670 1808 certum
693 1762 1050 1821 compositionis
1079 1767 1264 1822 tempus
1291 1761 1489 1809 definire

80 1845 271 1892 tentabo
313 1850 357 1892 et
400 1845 648 1892 ostendere
688 1850 865 1904 quanta
906 1845 1075 1904 cuique
1117 1844 1234 1892 fides
1273 1844 1489 1892 adhiberi

82 1929 256 1987 possit,
295 1927 411 1987 quid
455 1928 639 1975 valeant
682 1928 963 1975 documenta
1009 1940 1129 1987 quae
1173 1928 1284 1976 inde
1321 1940 1488 1989 sugge-

81 2016 267 2058 runtur.

144 2095 303 2154 Usque
324 2094 383 2141 ad
404 2108 457 2142 ea
480 2100 689 2154 tempora
706 2095 954 2154 procedam
974 2095 1149 2154 quibus
1164 2095 1273 2143 illae
1293 2095 1485 2149 formae,

82 2178 330 2237 praecipua
364 2179 529 2225 harum
563 2180 745 2226 Artium
775 2179 1025 2233 materieS,
1053 2179 1160 2226 aliis
1187 2191 1485 2227 succrescen-

83 2261 206 2308 tibus
251 2262 431 2316 formiS,
481 2263 793 2309 emoriuntur.
843 2264 978 2315 Tum,
1020 2262 1069 2308 in
1115 2263 1268 2309 locum
1304 2263 1486 2309 Artium

81 2350 347 2392 nostrarum
372 2358 492 2405 quae
510 2347 782 2393 Rhetoricae
804 2346 1105 2400 vocabantur,
1125 2347 1260 2394 Artes
1281 2347 1489 2406 poeticae

81 2517 135 2546 est
155 2514 232 2554 (Th.
255 2515 403 2556 VVright
424 2519 459 2547 et
479 2516 571 2549 J.-O.
593 2516 792 2553 Halliwell,
815 2518 1005 2556 Reliquiae
1026 2518 1214 2555 antiquae.
1239 2516 1372 2557 Seraps
1396 2517 1489 2548 from

82 2575 227 2606 ancient
247 2576 502 2616 manuscripts.
526 2575 692 2614 London‚
717 2575 902 2607 1841-1843.
924 2575 943 2607 2
964 2576 1034 2609 vol.
1054 2576 1160 2607 i11-80.

123 2634 165 2675 (1)
184 2636 272 2667 Aztt.
293 2637 440 2675 Elauer,
462 2635 490 2674 Ι,
511 2645 546 2676 p.
568 2634 639 2666 212.

123 2693 166 2734 (2)
186 2695 365 2734 Anzeiyer
383 2696 444 2733 fz'tr
462 2695 598 2727 Kunde
617 2695 684 2726 cler
705 2695 896 2726 teutschen
920 2695 1074 2735 vorzeit,
1095 2702 1152 2727 an.
1177 2693 1266 2734 1838,
1285 2704 1319 2735 p.
1342 2694 1412 2727 586.
