1788 3055
145 775 240 811 DES
278 775 508 811 RITHMES
547 775 610 810 ET
649 773 900 810 COMMENT
940 774 1001 810 SE
1039 773 1264 809 DOIVENT
1301 773 1457 808 FAIRE

474 954 525 985 Ex
546 954 702 994 quodam
726 954 853 985 Jacobi
875 953 994 994 Magni
1017 954 1122 985 libro.

156 1138 356 1186 Iacobus
384 1140 579 1199 Magnus
609 1139 757 1184 famae
784 1139 1058 1185 illustrioris
1087 1151 1181 1184 non
1209 1144 1279 1184 est
1310 1138 1505 1184 omnino

92 1234 277 1282 experS,
307 1222 542 1281 imprimis
567 1221 733 1281 optimi
758 1223 817 1267 ab
841 1222 1028 1268 Alfredo
1051 1222 1226 1267 Coville
1254 1221 1365 1267 editi
1395 1223 1504 1267 libri

92 1304 257 1365 gratia,
289 1305 361 1351 cui
385 1305 551 1351 titulus
579 1305 857 1351 inscribitur
885 1321 895 1350 :
926 1303 999 1349 De
1023 1303 1185 1349 Jacohz·
1210 1304 1383 1363 Maym'
1408 1304 1504 1349 vita

91 1386 449 1449 atqueoperz'bus
463 1386 524 1449 (¹1)
539 1424 548 1433 .
563 1388 755 1435 Circiter
769 1388 923 1435 medlo
939 1395 1106 1447 quarto
1121 1389 1301 1434 decimo
1319 1389 1504 1434 saeculo

92 1476 251 1525 natus,
282 1472 493 1523 Tolosae,
529 1472 594 1518 uti
625 1472 878 1519 verisimile
907 1477 994 1522 est,
1026 1473 1145 1518 circa
1173 1484 1349 1517 aunum
1385 1473 1504 1517 '1425

93 1559 308 1601 mortuus
341 1559 428 1601 est.
468 1554 692 1601 Ordinem
722 1554 914 1600 fratrum
955 1555 1297 1601 Heremitarum
1333 1556 1380 1600 S.
1414 1556 1505 1600 Au-

92 1637 269 1697 gustini
299 1637 540 1696 professus
569 1643 656 1684 est.
691 1638 826 1696 Apud
868 1638 1209 1688 parisiensem,
1242 1637 1349 1684 dein
1379 1637 1505 1696 apud

95 1720 364 1767 Paduanam
402 1721 757 1767 universitatem
782 1721 1045 1779 discipulus
1069 1721 1243 1767 scholis
1266 1721 1501 1773 intersum

92 1802 142 1849 in
170 1803 257 1849 hac
286 1808 449 1862 postea
478 1804 698 1863 magister
724 1804 825 1863 ipse
863 1804 1048 1850 scholas
1077 1804 1260 1850 habuit.
1296 1805 1504 1850 Primum

93 1891 248 1933 autem
295 1886 354 1933 ad
403 1899 499 1933 rem
543 1887 778 1946 publicam
826 1886 1044 1933 accedere
1089 1887 1216 1933 visus
1271 1892 1341 1933 est
1379 1900 1505 1933 anno

97 1971 245 2022 1405,
282 1982 386 2016 cum
413 1970 651 2017 orationes
692 1970 797 2016 illas
827 1970 944 2016 duas
982 1969 1172 2023 habuit,
1205 1983 1346 2016 unam
1376 1983 1506 2029 prae-

93 2058 225 2100 sente
273 2053 434 2113 regina
463 2054 690 2107 Isabella‚
721 2054 795 2101 cui
830 2055 983 2114 palam
1018 2060 1180 2113 stupra
1221 2055 1504 2113 exprobrare

92 2148 238 2182 ausus
264 2142 361 2191 est,
396 2137 590 2184 alteram
627 2143 875 2196 praesente
915 2138 1079 2183 Carolo
1120 2137 1210 2187 VI⁰‚
1243 2138 1314 2183 cui
1353 2137 1506 2196 plebis

94 2219 309 2266 miserias
333 2225 475 2279 atque
496 2220 705 2279 perditos
727 2220 986 2267 aulicorum
1012 2233 1165 2268 mores
1189 2221 1501 2267 denuntiavit.

96 2302 261 2348 Postea
280 2303 409 2349 omni
433 2303 590 2349 studio
606 2303 654 2349 in
673 2303 814 2350 rebus
833 2303 1035 2363 publicis
1057 2308 1268 2350 versatus
1290 2308 1376 2349 est.
1399 2304 1508 2349 Post

94 2385 229 2433 ducis
257 2387 614 2434 Aurelianensis
637 2388 844 2440 caedem,
872 2387 1309 2433 Armaniacensium
1339 2400 1507 2434 causae

93 2469 328 2526 adhaesit,
355 2483 381 2516 a
397 2470 572 2529 quibus
593 2470 641 2516 in
661 2471 875 2530 Angliam
899 2471 1079 2529 legatus
1101 2475 1188 2521 est,
1213 2482 1339 2515 anno
1364 2471 1502 2522 1412,

95 2556 146 2598 ut
188 2552 248 2599 ab
282 2552 482 2600 Henrico
526 2565 632 2613 rege
671 2553 998 2600 foedissimum
1039 2552 1270 2599 auxilium
1308 2557 1501 2611 peteret.

136 2721 181 2762 (1)
203 2721 378 2762 Parisius,
402 2722 491 2762 1889,
513 2723 616 2754 in-80.
