1788 3055
693 208 901 245 -97-

95 301 296 349 senserit
340 305 612 359 quantoque
672 302 921 351 Gratiano,
979 300 1154 351 Fabro,
1206 301 1497 347 infortunato

95 384 354 441 ceterisque
391 396 551 429 eorum
586 384 865 441 aequalibus
896 388 1121 441 praestet,
1153 395 1205 428 ex
1235 396 1288 428 eo
1318 383 1498 428 facilius

94 467 328 525 intelliges
362 465 488 524 quod
523 465 579 511 de
612 466 884 511 inventione
920 465 1107 523 scripsit
1148 482 1156 510 :
1205 483 1222 506 ιι
1263 466 1323 512 Ce
1358 466 1498 523 qu’en

94 549 254 608 poesie
284 554 353 594 est
383 548 569 594 nomme
597 554 694 599 art,
724 554 768 594 et
804 560 895 606 que
931 560 1049 593 nous
1088 548 1285 593 traitons
1319 560 1499 593 comme

94 637 164 677 art
189 643 245 677 en
274 637 344 677 cet
371 632 612 690 opuscule,
647 632 767 677 n'est
791 631 891 677 rien
922 643 1013 688 que
1041 631 1084 675 la
1112 643 1204 676 nue
1232 642 1414 676 escorce
1443 630 1499 676 de

94 714 254 773 poesie
276 714 356 772 qui
385 726 551 760 couvre
576 713 969 760 artificiellement
994 726 1045 759 sa
1066 713 1297 759 naturelle
1325 725 1431 759 seve
1457 717 1501 759 et

96 810 181 844 son
209 809 313 843 ame
343 797 704 843 naturellement
730 797 902 843 divine.
936 815 954 837 »
992 798 1122 843 Hanc
1147 796 1283 842 etiam
1315 801 1501 842 senten-

95 881 207 926 tiam
229 881 350 926 inter
367 881 631 939 complures
654 880 770 926 alias
792 880 988 931 Horatii,
1012 892 1150 938 quem
1175 879 1338 926 ducem
1364 892 1502 938 saepe

96 962 328 1022 sequitur,
361 963 498 1010 refert
530 980 539 1008 :

591 1120 712 1154 neque
734 1109 834 1143 enim
855 1108 1081 1144 concludere
1105 1119 1258 1143 versum

239 1173 391 1208 Dixeris
412 1184 497 1208 esse
519 1174 635 1215 sati33
660 1185 793 1219 neque,
818 1175 850 1208 si
873 1174 937 1219 qui
957 1174 1100 1208 scribat
1124 1174 1175 1208 uti
1200 1185 1268 1209 nos

237 1238 412 1273 Sermoni
436 1239 623 1284 propiora,
648 1244 757 1284 putes
783 1240 883 1274 hune
906 1250 992 1274 esse
1016 1244 1176 1285 poetam.

236 1303 437 1350 Ingenium
461 1304 521 1338 cui
541 1304 602 1345 sit,
626 1304 687 1339 eui
709 1315 817 1339 mens
839 1305 1002 1339 divinior
1021 1309 1132 1350 atque
1155 1316 1198 1339 os

239 1369 372 1415 Magna
395 1375 634 1413 sonaturum,
657 1369 724 1404 des
748 1370 911 1405 nominis
933 1371 1048 1414 hujus
1071 1371 1252 1404 honorem
1274 1371 1337 1413 (l).

952 1434 1072 1476 (Hora,
1095 1435 1186 1479 Sat„
1210 1434 1240 1476 I,
1264 1446 1312 1476 ιν,
1337 1435 1409 1477 40).

164 1572 296 1628 Quod
330 1585 435 1618 vero
470 1572 528 1618 ad
564 1577 844 1618 structuram
882 1585 1044 1619 versus
1079 1573 1268 1624 attinet,
1310 1572 1501 1631 paulum

97 1669 123 1702 a
162 1656 470 1714 scriptoribus
509 1656 766 1714 superioris
803 1656 968 1702 aetatis
997 1656 1157 1708 ahest;
1196 1656 1501 1714 aequivocum

99 1739 371 1798 rhythmum
401 1739 612 1784 omnium
658 1739 1060 1798 elegantissimum
1090 1739 1355 1792 existimat,
1397 1750 1502 1784 eum

98 1834 205 1868 vero
234 1822 313 1880 qui
338 1822 501 1881 gallice
527 1821 649 1865 rime
674 1820 730 1865 de
756 1825 886 1879 φονεύ
911 1821 1081 1867 dicitur
1109 1822 1231 1867 inter
1259 1821 1503 1880 rhythmos

100 1904 187 1950 hoc
216 1905 406 1951 nomine
434 1905 602 1964 dignos
632 1904 944 1950 adnumerare
969 1904 1154 1950 abnuit.

168 1989 304 2033 Plura
342 1988 398 2034 de
432 1988 665 2047 rhythmis
697 1993 941 2046 praecepta
974 2000 1000 2032 a
1028 1988 1248 2033 Gratiano
1277 1987 1333 2033 de
1364 1988 1506 2032 Ponte

101 2076 364 2124 mutuatur,
412 2083 550 2129 quem
597 2084 691 2116 uon
743 2072 960 2122 nomine,
1010 2072 1130 2116 clare
1177 2076 1330 2116 tamen
1378 2070 1504 2116 desi-

101 2158 234 2212 gnat,
272 2167 375 2199 cum
416 2154 623 2212 increpat
659 2172 677 2194 «
712 2154 758 2211 Je
799 2167 856 2200 ne
893 2167 973 2213 say
1011 2155 1145 2212 queis
1184 2154 1409 2199 autlieurs
1452 2153 1508 2199 de

103 2237 388 2295 Rhetorique
417 2237 644 2283 metrifiee
669 2238 811 2295 qui...
843 2243 925 2283 ont
946 2237 1092 2283 abuse
1118 2237 1174 2283 de
1203 2249 1251 2283 ce
1280 2242 1422 2282 terme
1450 2248 1505 2281 en

103 2325 173 2366 cet
200 2320 386 2366 endroit
411 2326 455 2366 et
481 2320 537 2366 de
564 2321 663 2367 leur
690 2325 954 2366 autrement
982 2320 1074 2365 bon
1106 2320 1251 2378 esprit
1276 2332 1332 2365 en
1362 2318 1510 2364 maint

102 2408 257 2453 autre,
290 2422 307 2444 1>
345 2403 473 2462 quod
501 2403 847 2462 diphthongum
878 2403 1216 2462 synaloepham
1245 2402 1509 2460 appellave-

106 2486 217 2532 rint.

148 2663 189 2705 (l)
213 2663 354 2695 Erravit
382 2664 423 2697 G.
447 2664 632 2696 Pellissier
653 2673 734 2695 cum
759 2663 903 2703 scripsit
927 2662 1066 2694 Horatii
1093 2672 1136 2694 ne
1160 2662 1342 2693 minimam
1367 2661 1512 2703 quidem

108 2725 327 2755 mentionem
347 2725 440 2765 apud
462 2724 670 2757 Sibilettum
693 2724 847 2754 inveniri
873 2723 918 2763 (p.
944 2723 1004 2764 40).

1280 2784 1302 2826 7
