1788 3055
876 232 1086 270 ...76-

278 337 411 376 nam,
443 323 790 382 praetermitto,
823 336 1096 382 quanquam
1126 324 1174 368 in
1205 336 1258 370 ea
1290 328 1401 370 sunt
1429 325 1694 372 sententiae
1750 369 1752 371 .

278 419 553 454 communes
583 420 704 466 quae
731 407 859 466 poesi
889 420 1038 466 aeque
1066 420 1118 454 ac
1141 420 1308 466 prosae
1330 408 1580 455 convenire
1601 408 1693 455 dici

276 495 476 550 possunt
505 489 589 550 (l).

343 575 491 630 Quam
521 574 580 620 ob
603 587 792 620 causam
822 574 879 620 de
909 574 1177 633 rhythmica
1198 575 1430 621 rhetorica
1451 575 1611 634 egerit,
1640 587 1695 622 ex

278 658 353 703 liis
382 658 589 716 intellegi
627 662 780 716 potest
813 673 821 702 :
858 675 875 697 «
908 659 968 703 La
1001 657 1185 704 science
1206 658 1255 716 ja
1291 658 1413 705 dicte
1444 671 1502 705 en
1531 671 1693 718 prose,

274 742 368 800 j'ay
398 741 631 787 intention
662 741 718 786 de
748 741 933 787 traicter
968 741 1024 786 de
1053 741 1161 787 l’art
1196 741 1253 787 de
1284 742 1508 796 rithmer‚
1540 743 1697 801 lequel

279 837 397 883 pour
428 824 599 870 aulcun
629 837 704 870 cas
732 830 802 870 est
837 825 944 883 plus
972 824 1181 883 plaisant
1216 837 1307 883 que
1347 825 1389 870 la
1429 838 1590 884 prose,
1621 826 1702 872 carv

280 908 345 954 les
376 908 697 966 propositions
728 912 771 954 et
799 919 1010 954 mesures
1039 907 1274 954 delectent
1303 908 1409 967 plus
1441 908 1698 956 l'entende-

281 995 409 1036 ment
438 1003 528 1048 que
557 991 726 1049 simple
765 1003 928 1049 prose;
960 996 1005 1036 et
1037 991 1165 1036 aussi
1195 1004 1221 1036 a
1248 991 1362 1037 celle
1402 991 1465 1037 fin
1502 1005 1594 1050 que
1630 992 1698 1038 les

280 1073 441 1120 devotz
470 1073 670 1119 sacteurs
699 1073 760 1120 du
790 1074 958 1132 cliamp
1001 1070 1139 1133 royal'
1165 1074 1225 1120 du
1270 1087 1364 1134 puy
1400 1074 1457 1121 de
1495 1075 1699 1121 l'lmma-

280 1158 409 1204 culee
434 1157 719 1216 Conception
749 1157 805 1204 de
834 1158 876 1202 la
908 1158 1057 1217 vierge
1084 1163 1224 1217 ayent
1253 1158 1358 1217 plus
1383 1158 1549 1205 ardent
1574 1158 1700 1205 desir

281 1241 338 1288 de
369 1253 613 1300 composer
646 1240 702 1287 de
740 1246 839 1287 tant
874 1242 1016 1300 qu’ils
1055 1254 1111 1287 en
1150 1242 1486 1300 congnoissent
1523 1242 1566 1288 la
1597 1254 1697 1288 ma-

282 1326 411 1371 niere
440 1337 523 1384 par
548 1325 752 1383 laquelle
782 1326 882 1371 leur
905 1324 1123 1371 devotion
1150 1325 1373 1379 croistra;
1400 1330 1444 1372 et
1471 1324 1582 1372 affin
1609 1338 1702 1385 que

283 1421 370 1455 noz
399 1409 490 1455 tres
524 1409 765 1455 honnorez
794 1409 1039 1468 seigneurs
1069 1413 1113 1455 et
1150 1408 1368 1455 maistres
1406 1409 1474 1455 les
1515 1410 1701 1469 princes

283 1498 328 1539 et
364 1498 522 1552 poetes
561 1493 715 1538 laurez
743 1492 944 1552 d'iceluy
979 1505 1073 1552 puy
1112 1497 1254 1552 ayent
1286 1493 1487 1539 aulcune
1526 1505 1701 1541 recrea-

285 1577 408 1627 tion,
439 1576 671 1634 auxquelz
705 1577 751 1635 je
780 1581 998 1635 presente
1037 1588 1086 1622 ce
1120 1581 1311 1635 present
1344 1576 1482 1630 livre,
1514 1588 1571 1623 en
1602 1577 1703 1623 leur

285 1660 528 1718 suppliant
556 1660 884 1706 humblement
910 1659 1052 1718 qu’ilz
1086 1660 1337 1718 suppleent
1370 1672 1396 1705 a
1431 1672 1541 1706 mon
1569 1659 1700 1720 igno-

286 1756 424 1789 rance
449 1756 505 1789 en
535 1743 796 1802 corrigeant
820 1755 917 1790 mes
941 1743 1187 1790 deffaultes
1217 1761 1235 1785 >³
1252 1780 1262 1789 .

352 1827 493 1873 Docet
520 1825 709 1878 deinde,
742 1826 962 1886 rhythmo
986 1826 1081 1884 jam
1109 1825 1323 1880 definim,
1355 1831 1400 1873 et
1428 1832 1542 1886 quot
1569 1827 1703 1887 sylla-

287 1910 370 1956 bas
401 1923 496 1956 uno
524 1922 659 1956 versu
695 1909 936 1956 includere
967 1909 1126 1962 liceat,
1158 1914 1202 1956 et
1238 1922 1332 1968 quo
1370 1914 1503 1969 pacto
1542 1910 1702 1970 rhyth-

288 2007 388 2039 mos
423 1993 610 2052 copiose
638 1994 773 2052 quasi
813 1993 1050 2045 cieamus;
1080 1992 1287 2052 denique
1322 1993 1415 2039 duo
1455 1993 1701 2040 verborum

287 2090 456 2136 genera
493 2077 719 2123 discernit
750 2093 759 2122 :
792 2077 1107 2122 masculinum
1137 2088 1284 2135 genus
1313 2081 1357 2123 et
1392 2076 1699 2127 femininum:

288 2161 350 2207 ita
379 2165 429 2206 ut
457 2172 561 2206 eum
586 2161 690 2219 jure
717 2159 844 2206 dicas
873 2159 921 2204 in
949 2171 1137 2218 prosam
1159 2159 1420 2205 orationem
1448 2171 1609 2205 versus
1632 2160 1704 2205 In-

287 2243 510 2290 fortunati
541 2242 869 2289 tantummodo
899 2242 1115 2289 vertisse.

353 2330 416 2374 De
446 2327 598 2373 verbis
628 2332 748 2373 recte
775 2326 1039 2372 scribendis
1067 2331 1111 2373 et
1142 2326 1450 2372 enuntiandis
1478 2326 1631 2386 agitur
1656 2327 1704 2372 in

288 2417 516 2470 sequente
556 2412 735 2470 capite;
768 2423 888 2469 quae
927 2422 1023 2462 res,
1055 2409 1142 2456 etsi
1177 2409 1316 2455 nobis
1354 2409 1532 2461 aliena,
1564 2409 1705 2468 digna

288 2501 444 2542 tamen
474 2495 657 2541 videtur
685 2506 805 2553 quae
833 2507 858 2539 a
886 2493 1203 2553 grammaticis
1228 2505 1320 2538 non
1348 2493 1636 2551 neglegatur.

356 2580 520 2625 Postea
556 2578 854 2638 progreditur
886 2577 945 2624 ad
984 2590 1035 2623 ea
1068 2589 1188 2636 quae
1223 2577 1401 2623 colores
1440 2581 1483 2623 et
1524 2576 1703 2636 species

329 2769 371 2809 (1)
390 2767 443 2801 Cf.
469 2767 643 2808 Zsehalig‚
668 2770 734 2799 loc.
758 2769 833 2806 cil„
856 2777 890 2807 p.
913 2766 962 2798 24.
