1788 3055
838 198 1075 236 —lti‘—

252 292 296 333 et
323 287 583 333 doubles...
611 289 692 332 Est
711 288 904 346 appelee
929 290 1146 346 musique
1171 293 1293 334 ceste
1319 289 1500 336 science
1528 295 1662 337 natu-

255 372 346 417 1616
373 384 490 429 pour
518 383 566 416 ce
596 383 686 428 que
710 372 776 416 les
804 371 876 416 diz
905 377 950 417 et
975 372 1211 428 cbancons
1241 385 1323 431 par
1349 375 1457 419 eulx
1488 374 1574 420 faiz
1602 387 1660 421 ou

256 454 393 499 livres
423 454 647 499 metriliez
677 466 724 499 se
755 454 894 500 lisent
926 455 981 500 de
1010 455 1193 501 boucbe
1228 462 1272 502 et
1309 457 1545 515 proferent
1581 470 1663 516 par

254 536 353 582 voix
387 550 478 582 non
519 549 601 595 pas
630 537 902 589 oliantable‚
935 542 1035 583 tant
1063 550 1155 596 que
1183 539 1250 584 les
1280 539 1450 585 douces
1478 541 1662 598 paroles

251 619 372 665 ainsi
416 620 575 665 faictes
612 625 655 665 et
695 620 937 666 recordees
979 633 1062 679 par
1096 622 1199 666 voix
1231 622 1434 680 plaisent
1466 635 1556 668 aux
1592 635 1664 670 es-

252 707 446 748 coutans
487 703 567 761 qui
607 703 672 749 les
721 708 885 762 oyem,
931 703 968 749 si
1014 716 1106 762 que
1147 717 1205 750 au
1249 717 1342 764 puy
1380 705 1659 758 d'Amours‚

251 787 614 832 anciennement
662 792 706 832 et
752 799 944 833 encores
992 792 1291 834 acoustumez
1336 800 1392 834 en
1443 789 1662 847 pluseurs

252 869 384 915 villes
413 875 457 915 et
485 870 597 915 citez
626 869 708 915 des
738 871 838 928 pais
867 875 910 916 et
940 882 1186 929 royaumes
1216 870 1275 917 du
1310 871 1497 918 monde.
1537 890 1555 913 ι»

317 953 584 999 Centesimo
623 958 779 999 autem
827 953 922 1000 fere
966 959 1072 1013 post
1113 967 1238 1000 anno
1286 955 1448 1001 eadem
1498 955 1662 1002 scribit

252 1036 522 1082 Molinettus
555 1053 564 1081 ε
603 1054 621 1076 «
659 1037 981 1095 Rbetborique
1019 1037 1225 1097 vulgaire
1260 1043 1330 1084 651
1366 1050 1459 1084 une
1498 1051 1662 1098 espece

252 1119 309 1165 de
338 1120 557 1178 musique
583 1120 775 1179 appelee
805 1121 1093 1180 rythmique,
1121 1121 1201 1179 qui
1231 1121 1441 1168 contient
1469 1135 1529 1168 un
1562 1134 1661 1169 cer-

252 1204 348 1249 tain
392 1204 587 1250 nombre
627 1204 683 1249 de
727 1204 948 1255 sillabes‚
991 1216 1220 1263 avecques
1259 1217 1442 1251 aucune
1481 1204 1663 1251 suavite

252 1287 637 1346 d’equisonance.
672 1306 690 1328 »

317 1373 566 1418 Gratianus
607 1372 663 1417 de
711 1372 855 1417 Ponte
903 1384 1066 1417 rursus
1115 1372 1341 1417 musicam
1389 1376 1434 1417 et
1480 1371 1659 1430 poesim

252 1455 520 1501 simillimas
543 1455 665 1500 inter
687 1468 736 1500 se
758 1467 861 1500 esse
883 1454 1102 1504 affirmat,
1133 1454 1380 1513 utriusque
1402 1455 1527 1501 enim
1551 1454 1661 1501 finis

251 1545 321 1585 est
352 1540 537 1584 aurium
567 1540 810 1597 voluptas;
843 1539 974 1585 alteri
1006 1539 1220 1597 quinque
1252 1539 1391 1585 lineis
1418 1551 1536 1597 opus
1564 1544 1658 1590 est,

251 1623 384 1668 alteri
422 1623 634 1681 quinque
667 1623 934 1675 vocalibus;
978 1623 1183 1668 musicae
1218 1622 1464 1668 delectatio
1505 1622 1661 1668 omnis

252 1706 297 1751 in
329 1711 490 1756 cantu,
526 1706 679 1764 poesis
709 1707 756 1751 in
788 1706 1129 1752 declamatione
1157 1710 1244 1752 est.

317 1790 431 1834 Cum
473 1794 627 1834 autem
672 1789 759 1835 1106
785 1789 841 1835 de
884 1790 1010 1848 poesi
1042 1789 1299 1841 sentirent,
1337 1801 1528 1836 necesse
1565 1794 1662 1836 erat

251 1871 500 1918 sententiis
526 1872 757 1918 secundas
783 1878 938 1931 partes
964 1872 1083 1923 dari,
1110 1885 1203 1930 quo
1231 1873 1493 1918 accuratius
1522 1884 1661 1918 sono·

253 1968 352 2000 rum
384 1960 638 2000 concentus
668 1961 987 2013 quaereretur,
1015 1960 1059 2001 et
1082 1968 1162 2014 per
1185 1956 1511 2014 rhythmorum
1538 1969 1661 2015 sym-

253 2037 474 2095 phoniam
533 2050 848 2096 versuumque
905 2038 1121 2084 callidam
1177 2039 1537 2098 dispositionem
1591 2039 1658 2085 vel

251 2120 545 2167 iterationem
577 2121 766 2166 suavior
794 2121 943 2168 fieret.

316 2205 438 2250 Haec
464 2205 771 2251 immoderata
798 2219 1022 2251 sonorum
1046 2218 1155 2251 cura
1185 2219 1275 2252 non
1310 2206 1447 2252 modo
1475 2207 1660 2253 animos

249 2301 274 2332 a
326 2289 689 2346 cogitationibus
737 2289 1029 2342 abducebat,
1079 2290 1160 2336 sed
1213 2291 1350 2336 etiam
1401 2291 1660 2337 sententias

248 2372 382 2429 quasi
412 2373 630 2418 claustris
656 2362 932 2419 constrictas
963 2374 1248 2420 includebat.

315 2455 496 2509 Quibus
528 2456 667 2501 rebus
697 2469 979 2515 magnopere
1007 2457 1225 2503 favebant
1258 2457 1435 2515 poetica
1462 2457 1660 2504 concilia

251 2538 384 2596 vulgo
414 2538 558 2597 podia
596 2539 743 2591 dicta;
787 2540 1094 2597 quamobrem
1136 2540 1182 2584 in
1227 2540 1496 2599 regionibus
1522 2552 1654 2599 prae-

250 2621 408 2666 sertim
463 2623 847 2680 septentrionalis
899 2623 1075 2668 Galliae
1096 2659 1106 2675 ‚
1157 2622 1235 2668 ubi
1285 2622 1365 2668 illa
1412 2623 1653 2682 vigebant,

252 2704 442 2750 morbus
490 2706 645 2764 poesis
692 2706 976 2752 doniesticae
1024 2706 1188 2765 crevit,
1235 2706 1440 2765 indeque
1485 2705 1657 2767 serpsit
1723 2693 1728 2696 ¹
