1788 3055
658 174 870 215 ..39—

60 269 225 316 ordine
253 268 528 327 dispositis;
559 268 701 314 hahet
728 272 882 313 autem
915 279 994 313 sex
1032 268 1181 313 millia
1214 267 1462 314 vocabulo-

61 365 161 398 rum
207 356 251 398 et
295 351 592 397 concluditur
638 350 798 409 paucis
845 350 1111 409 iisdemque
1158 350 1465 396 subobscuris

60 434 212 481 verbis
239 433 296 480 de
326 433 492 480 litteris
518 449 551 492 y
574 438 618 479 et
641 446 687 484 z,
714 445 834 491 quae
862 433 918 478 ad
948 433 1328 492 orthographiam
1359 445 1464 491 per-

58 517 225 563 tinent.
710 526 713 529 ·

122 599 602 646 Animadvertendum
643 604 713 645 est
760 599 961 658 primum
1011 599 1132 644 hanc
1171 599 1339 645 seriem
1379 599 1461 644 iis-

58 682 164 729 dem
202 682 355 728 verbis
394 682 684 741 designatam
720 694 822 728 esse
854 682 912 728 ab
947 687 1134 728 auctore
1166 682 1340 740 quihus
1374 682 1466 727 alia

58 778 178 824 quae
206 765 254 811 in
283 765 440 812 codice
466 767 589 811 4257
621 766 903 818 continetur,
936 777 1173 824 quamque
1201 777 1344 824 supra
1371 777 1465 811 me-

59 849 262 901 moravi;
296 849 500 907 priorem
538 854 693 895 autem
723 849 891 895 seriem
920 848 1047 907 apud
1083 848 1346 895 Baldettum
1376 849 1465 894 He-

58 944 167 978 renc
202 932 370 978 iisdem
408 945 597 991 quoque
634 933 788 979 verbis
822 933 1113 992 designatam
1155 944 1259 978 esse
1290 932 1465 990 quihus

56 1015 136 1061 ille
162 1014 436 1074 designatur
461 1015 603 1061 index
632 1016 963 1061 vocabulorum
993 1016 1210 1061 similiter
1237 1015 1461 1061 desinen-

57 1096 172 1144 tium
204 1098 284 1156 qui
323 1098 370 1143 in
410 1097 569 1143 libello
605 1097 778 1143 codicis
816 1098 1025 1156 ejusdem
1061 1102 1288 1144 servatur.
1320 1097 1464 1156 Cujus

55 1179 226 1226 indicis
262 1181 485 1239 pleraque
512 1180 736 1227 vocabula
764 1181 932 1228 iterum
967 1181 1275 1227 inveniuntur
1309 1181 1357 1226 in
1387 1193 1460 1227 se-

56 1263 122 1309 rie
169 1263 366 1311 Baldetti
409 1265 614 1317 Herenc‚
658 1264 707 1309 in
754 1277 847 1322 qua
887 1264 1168 1323 prudentius
1212 1263 1465 1310 distributa

55 1351 184 1393 sunt.
214 1347 280 1392 Ex
315 1359 408 1406 quo
442 1347 592 1394 infero
627 1360 721 1393 non
752 1348 949 1394 Baldetti
988 1347 1194 1407 vestigiis
1227 1352 1462 1394 auctorem

56 1429 202 1476 libelli
241 1442 384 1476 manu
418 1430 576 1489 scripti
614 1430 868 1485 institisse,
897 1430 1073 1489 quippe
1110 1430 1183 1477 cui
1224 1430 1354 1476 nulla
1390 1442 1462 1476 es·

55 1518 123 1559 set
150 1525 291 1559 causa
318 1525 398 1559 cur
424 1513 639 1560 ordinem
666 1514 998 1560 vocabulorum
1025 1518 1201 1560 certum
1224 1520 1269 1560 et
1292 1512 1462 1559 rationi

55 1601 385 1656 congruentem
417 1602 617 1644 mutaret
646 1597 790 1656 inque
818 1598 918 1656 ejus
942 1597 1093 1643 locum
1123 1597 1335 1644 ordinem
1366 1609 1463 1642 om-

55 1681 169 1726 nino
202 1680 429 1727 incertum
461 1681 744 1727 institueret.
776 1682 863 1727 Res
897 1692 1002 1726 vero
1030 1681 1186 1739 potius
1222 1692 1245 1726 e
1274 1684 1459 1726 contra-

56 1763 123 1810 rio
156 1764 335 1820 evenit3
368 1764 495 1822 quod
535 1769 689 1810 tamen
720 1763 846 1809 haud
874 1762 1107 1810 affirmare
1141 1763 1324 1815 ausim,
1356 1774 1461 1808 cum

55 1847 241 1894 credere
268 1848 404 1893 liceat
431 1852 685 1906 utrumque
719 1851 954 1893 auctorem
990 1858 1042 1892 ex
1078 1858 1170 1892 uno
1202 1845 1462 1904 eodemque

55 1930 310 1990 exemplari
336 1930 572 1977 hausisse.

117 2014 346 2073 Neglectis
390 2018 545 2060 autem
593 2013 827 2073 rhythmis
866 2025 1124 2072 eorumque
1165 2013 1291 2059 vario
1336 2025 1458 2065 usn,

56 2097 294 2144 Baldettus
317 2096 502 2156 singula
525 2097 786 2143 carminum
811 2109 981 2156 genera
1004 2097 1287 2149 considerat,
1313 2108 1462 2155 eaque

55 2180 142 2226 hoc
192 2179 357 2226 ordine
408 2179 619 2239 disponit
656 2196 666 2225 ι
705 2179 793 2234 lai,
842 2193 1141 2234 amoureuse,
1184 2179 1457 2233 serventoz's‚

53 2263 191 2308 Cleant
212 2262 364 2322 νομαί,
384 2266 493 2308 sorte
512 2278 804 2316 awmureuse,
815 2264 1118 2324 pastonrelle,
1139 2263 1336 2316 ballade,
1357 2278 1462 2308 ron-

54 2346 185 2400 deau,
217 2345 387 2407 fatrem,
415 2346 641 2400 domam,
669 2346 930 2400 doublettes,
958 2347 1256 2393 alemandrin.

120 2429 352 2475 Carminis
387 2429 550 2489 gallice
582 2429 648 2474 lai
684 2430 793 2476 dicti
829 2430 985 2489 regula
1019 2431 1179 2477 eadem
1215 2436 1286 2478 est
1320 2435 1461 2490 atque

55 2512 104 2557 in
132 2512 289 2558 codice
316 2514 459 2558 4257.
1460 2506 1462 2509 ’

120 2594 363 2641 Cantionis
401 2595 656 2642 amatoriae
693 2607 788 2641 11011
824 2596 947 2655 leges
975 2595 1057 2642 sed
1085 2597 1322 2655 exemplar
1349 2597 1453 2642 Bal-

55 2678 210 2726 dettus
233 2678 383 2732 affert,
411 2679 536 2738 quod
563 2684 745 2726 constat
767 2692 823 2726 ex
849 2679 1062 2739 quinque
1083 2680 1308 2740 strophis,
1337 2693 1458 2740 quae
