1788 3055
815 167 1025 207 ..1ο-

216 261 368 306 solum
395 265 506 305 tunc
532 260 685 318 palam
714 259 970 312 habebant,
1002 260 1233 319 sequitur.
1262 261 1442 307 Rursus
1467 266 1623 308 autem

217 344 263 387 in
294 355 347 389 eo
377 348 447 389 est
478 348 525 389 ut
555 343 674 402 typis
706 343 972 396 mandetur,
1004 348 1205 403 utroque
1232 343 1389 390 codice
1416 349 1621 398 auctore,

215 427 262 471 in
317 431 476 473 octavo
528 427 739 472 omnium
795 426 1032 473 Eustachii
1085 427 1142 474 de
1190 427 1378 486 Campis
1429 440 1623 487 operum

218 510 478 561 volumine,
511 522 631 567 quae
670 510 877 555 marchio
916 509 972 556 de
1002 511 1165 565 Queux
1206 510 1263 556 de
1290 511 1625 558 Saint-Hilaire

216 591 457 637 Socv'elatis
502 591 721 637 Veterum
760 591 1046 653 scriptorum
1080 592 1292 638 curiosae
1334 594 1482 653 gratia
1521 593 1622 641 edi-

216 675 284 721 dit
316 674 400 736 (l).

282 759 560 805 Eustachius
596 760 801 806 musicae
828 760 1008 818 poesim
1037 761 1300 807 arctissime
1327 761 1623 820 conjunctam

215 855 319 888 esse
367 848 541 889 censet.
594 843 732 889 Initio
776 843 967 901 quidem
1015 848 1193 902 septem
1235 848 1358 890 artes
1406 843 1624 890 liberales

215 925 511 972 definiendas
547 932 701 980 curat,
743 939 861 985 quas
899 926 963 972 ita
998 926 1257 985 appellatas
1283 927 1425 974 habet
1459 945 1477 968 ε(
1507 939 1626 986 pour

214 1021 264 1056 ce
294 1022 384 1068 qne
412 1010 777 1056 anciennement
812 1010 912 1062 nul,
944 1022 992 1056 se
1023 1010 1055 1055 il
1084 1010 1274 1056 n‘estoit
1301 1010 1484 1064 liberal,
1514 1010 1626 1057 c’est

214 1105 239 1137 a
267 1092 366 1138 dire
391 1092 465 1138 fils
489 1092 545 1138 de
572 1092 711 1138 noble
738 1093 925 1138 homme
950 1098 994 1139 et
1019 1093 1182 1139 estrait
1209 1093 1265 1139 de
1293 1093 1434 1140 noble
1460 1094 1621 1153 lignie,

214 1175 387 1222 n'osoit
408 1176 642 1235 aprandre
666 1188 819 1222 aucun
843 1175 1037 1222 d’iceuls
1059 1189 1134 1222 ars
1157 1193 1175 1217 »
1211 1175 1274 1237 (p.
1303 1174 1434 1236 261).
1457 1177 1626 1223 Omnia

212 1264 368 1304 autem
386 1271 440 1304 ex
463 1259 637 1317 quibus
656 1259 836 1305 musica
852 1264 1003 1306 exstat
1023 1259 1071 1304 in
1095 1259 1212 1306 duas
1234 1265 1390 1319 partes
1404 1260 1621 1319 partitur,

214 1355 412 1400 quarum
443 1355 537 1388 una
565 1342 623 1388 ab
653 1347 768 1395 arte,
794 1343 939 1389 altera
966 1342 1024 1388 ab
1054 1347 1220 1389 natura
1248 1342 1434 1390 ducitur
1458 1359 1468 1389 ε
1493 1343 1623 1389 illam

213 1438 333 1483 quae
368 1427 555 1485 proprie
592 1426 770 1472 musica
806 1425 1071 1485 appellatur
1099 1426 1281 1485 quiviS,
1324 1444 1342 1467 α
1372 1438 1549 1473 mesme
1582 1427 1624 1473 le

214 1509 319 1567 plus
367 1508 482 1556 rude
531 1510 721 1556 homme
765 1509 829 1556 du
875 1508 1047 1556 monde
1090 1528 1137 1564 »,
1177 1509 1397 1557 facillime
1445 1509 1624 1558 discere

212 1597 381 1650 potest.

285 1694 302 1716 «
341 1676 549 1722 Alteram
585 1682 740 1723 autem
782 1676 988 1723 musicae
1025 1682 1233 1736 partem,
1264 1677 1445 1736 inquit,
1475 1690 1502 1724 a
1539 1689 1622 1724 na·

214 1765 316 1805 tura
344 1759 529 1806 ductam
559 1760 734 1814 hahe0‚
766 1760 876 1819 quia
916 1772 1053 1807 nemo
1087 1773 1188 1807 eam
1216 1773 1243 1806 a
1271 1761 1506 1821 magistris
1535 1761 1620 1807 do-

211 1843 387 1889 cendus
415 1848 511 1897 est,
545 1843 636 1889 nisi
665 1843 869 1902 quodam
898 1843 1077 1903 ingenii
1102 1843 1319 1890 acumine
1344 1844 1404 1890 ad
1432 1844 1619 1890 discen-

210 1926 321 1972 dum
351 1926 411 1971 sit
437 1931 649 1972 ornatus.
682 1943 700 1966 1>
738 1925 912 1972 Musica
941 1938 1046 1972 vero
1081 1925 1252 1972 dicitur
1285 1926 1397 1985 quia
1433 1938 1624 1973 necesse

210 2015 278 2055 est
309 2014 360 2056 ut
386 2022 574 2061 versus,
607 2009 645 2055 si
674 2009 742 2055 vis
771 2022 852 2056 eos
886 2009 964 2068 qui
1004 2009 1206 2055 audiunt
1236 2008 1480 2062 delectari,
1511 2022 1620 2068 pro-

210 2093 504 2145 nuntientur,
536 2097 587 2139 ut
614 2105 716 2139 mos
744 2098 814 2139 est
839 2092 888 2138 in
916 2092 1111 2151 poeticis
1139 2091 1351 2138 conciliis
1381 2104 1503 2151 quae
1528 2092 1623 2151 gal-

209 2177 294 2223 lice
314 2191 441 2237 puys
466 2176 720 2221 d'Amours
751 2176 987 2222 dicuntur.
1014 2176 1140 2221 Varii
1165 2175 1290 2221 enim
1320 2175 1443 2222 vocis
1472 2175 1623 2222 flexus

209 2264 348 2318 atque
389 2259 694 2306 remissiones
735 2259 782 2305 in
823 2259 911 2305 hoc
948 2258 1172 2318 peculiari
1214 2259 1419 2305 musicae
1455 2269 1622 2318 genere

210 2346 301 2388 tam
332 2342 485 2401 magni
519 2342 744 2389 momenti
773 2347 885 2388 sunt
912 2354 1053 2400 quam
1084 2342 1131 2387 in
1160 2341 1307 2388 altero
1335 2347 1520 2388 cantuS.

209 2521 300 2551 pour
331 2513 363 2541 la
395 2511 570 2551 premii-re
600 2512 669 2542 sois
700 2511 840 2552 d‘apres
867 2512 899 2543 le
927 2512 1127 2542 manuscrit
1153 2512 1196 2543 de
1226 2512 1259 2542 la
1287 2510 1542 2551 Bibliotheque
1572 2512 1621 2543 du

209 2571 315 2603 Roi...
341 2581 403 2609 par
425 2572 466 2602 A.
487 2570 664 2611 Crapelet.
689 2571 803 2610 Paris,
828 2571 916 2608 1⁸32,
937 2580 988 2611 gr.
1011 2571 1115 2604 iri-8⁰.

247 2631 289 2670 (l)
319 2630 389 2661 'Sex
414 2630 601 2661 volumina
624 2632 695 2670 jam
726 2631 761 2660 in
789 2631 904 2662 lucen}
934 2630 1065 2662 emissa
1092 2634 1193 2671 sunt,
1223 2640 1378 2671 quorum
1406 2631 1571 2662 ultimum
1600 2641 1621 2662 a

207 2689 366 2722 Gau-lone
391 2689 579 2730 liaynauth
604 2690 775 2721 defuncto
799 2690 1007 2722 marchione
1029 2690 1072 2722 de
1092 2689 1223 2729 Queux
1242 2689 1286 2722 de
1309 2689 1345 2724 S.
1369 2689 1516 2723 Hilaire.
