1788 3055
838 132 1048 170 ...24—

241 230 291 270 ut
318 236 482 270 omnes
510 223 727 282 strophas
755 235 971 270 versuum
1000 235 1239 276 mensura,
1264 235 1461 270 numero
1488 224 1646 283 rhyth-

243 306 426 364 misque
453 316 588 364 pares
616 304 767 351 faciat.
839 368 843 372 Δ

209 382 212 384 ’
305 388 502 434 Carmen
524 393 678 434 autem
703 387 830 446 qnod
848 387 914 432 lai
935 388 1184 434 nominant
1205 388 1285 446 qui
1308 387 1405 434 vult
1426 388 1644 442 condere,

242 482 432 517 necesse
471 475 541 517 est
584 476 634 516 ut
679 470 919 517 breviores
962 482 1123 517 versus
1171 470 1464 530 longioribus
1505 471 1647 518 inter·

240 553 433 599 misceat
481 558 524 599 et
573 553 787 599 ultimam
837 553 1077 612 stropham
1128 553 1307 612 primae
1355 552 1647 600 simillimam

241 636 436 689 habeat;
466 636 735 694 interjectae
758 648 863 682 vero
886 635 1107 694 strophae
1129 648 1224 682 non
1247 636 1296 682 in
1319 649 1466 683 unum
1486 637 1647 696 rhyth-

242 731 369 765 mum
399 719 526 765 exire
554 719 724 765 solent.

309 803 470 849 Plures
508 807 665 848 tamen
708 801 1020 860 durioresque
1066 807 1199 849 erant
1241 803 1383 861 hujus
1424 803 1646 850 carminis

244 887 367 945 leges
395 897 536 944 quam
567 886 832 931 aestimavit
856 885 1075 932 lacobus.
1107 885 1322 932 Ceterum
1355 886 1544 944 saepius
1571 898 1647 933 ac-

243 968 355 1015 cidit
392 974 442 1015 ut
476 973 723 1027 praecepta
751 981 870 1027 quae
907 968 1008 1027 ipse
1043 974 1246 1028 exponat
1285 969 1406 1015 male
1434 968 1645 1023 noverit;

242 1051 307 1098 ita
336 1056 408 1103 ut,
440 1051 478 1096 si
515 1064 608 1096 non
638 1050 755 1097 falsa
783 1051 878 1097 sint
906 1051 964 1097 ab
996 1063 1048 1097 eo
1079 1050 1218 1103 dicta,
1249 1050 1469 1097 inchoata
1491 1055 1648 1097 tamen

243 1140 315 1187 et,
349 1140 397 1180 ut
424 1135 488 1180 ita
515 1135 694 1187 dicam,
727 1147 891 1180 manca
919 1134 1131 1180 doctrina
1159 1135 1259 1193 ejus
1287 1147 1390 1181 esse
1418 1134 1645 1181 videatur.

311 1219 611 1276 Praeceptum
653 1230 897 1276 nunquam
939 1217 1166 1276 exemplis
1207 1218 1490 1271 illustravit;
1536 1218 1650 1264 haec

245 1301 435 1359 quidem
465 1313 559 1345 non
597 1300 741 1346 semel
775 1301 1132 1359 promittuntur,
1174 1301 1255 1347 sed
1293 1301 1539 1347 intervalla
1566 1301 1647 1348 ubi

244 1382 686 1430 interscriberentur
731 1383 778 1428 in
821 1382 1060 1429 codicibus
1106 1383 1421 1442 nequicquam
1469 1388 1651 1429 servata

246 1472 373 1514 sunt.
