1788 3055
645 204 852 245 -33....

109 297 199 345 Sed
235 297 312 344 hic
346 296 488 348 liber,
520 308 623 342 cum
655 297 813 354 aliqua
848 296 1028 342 ratione
1062 297 1276 355 inceptus
1310 296 1370 344 sit
1405 302 1450 345 et

43 382 289 439 hucusque
311 380 538 439 digestus,
569 380 795 437 hincjam
820 379 922 425 sine
946 379 1041 424 ulla
1072 380 1166 438 lege
1196 381 1444 438 peragitur.

42 466 225 511 Etenim
249 465 463 522 scriptor,
490 469 738 522 postquam
764 464 974 521 quinque
996 468 1039 508 et
1066 464 1225 522 viginti
1246 465 1446 509 virorum

42 552 88 594 et
122 547 371 594 mulierum
402 545 655 591 illustrium
692 558 763 591 res
800 551 953 604 gestas
986 546 1044 591 ab
1079 546 1275 598 Adamo‚
1317 565 1335 588 α
1369 547 1449 605 qui

40 629 272 688 podagrae
320 627 566 673 doloribus
616 633 925 686 consumptus
978 633 1072 680 est,
1121 646 1138 668 >³
1195 641 1345 687 usque
1391 629 1450 675 ad

42 713 292 771 Pyramum
315 716 359 757 et
382 711 589 757 Thisben
612 711 904 760 memoravit,
930 712 1019 757 tria
1040 717 1303 770 praecepta,
1330 724 1450 771 quae

41 799 151 841 ante
188 794 347 840 omnia
389 793 683 839 observanda
729 794 1008 845 arbitratur,
1057 794 1225 845 tradit,
1275 794 1452 841 scilicet

41 882 93 924 ut
130 877 369 924 conclusio
408 877 563 936 operis
612 877 841 935 principio
876 889 1061 936 semper
1100 882 1349 936 congruat;
1392 890 1450 924 ne

42 961 149 1020 quis
191 961 248 1007 de
286 960 344 1007 iis
383 973 503 1019 quae
542 961 724 1020 ignoret
765 961 1012 1019 loquatur:
1053 974 1110 1007 ne
1145 962 1271 1019 quod
1316 974 1446 1008 voca-

40 1044 203 1090 bulum
232 1044 280 1089 in
311 1044 404 1089 fine
434 1056 651 1090 versuum
679 1044 769 1090 sibi
797 1044 952 1102 ipsum
984 1045 1283 1103 respondeat.

105 1127 341 1183 Quasdam
380 1127 610 1173 dictiones
646 1139 766 1185 qnae
805 1128 851 1172 in
891 1127 1121 1186 syllabam
1161 1142 1217 1171 on
1257 1139 1336 1173 seu
1376 1127 1451 1171 ion

40 1216 213 1257 exeunt
246 1222 459 1268 quasque
493 1210 594 1268 ipse
631 1208 830 1254 vocables
857 1209 1068 1269 obscura,
1109 1225 1204 1254 mos
1239 1224 1448 1270 convers,

24 1280 276 1352 'poetz‘ques
319 1307 376 1336 ou
419 1293 593 1336 aultres
637 1298 790 1343 vocat,
840 1305 925 1338 nos
964 1305 1071 1338 vero
1126 1311 1144 1333 «
1190 1297 1379 1338 savants
1425 1311 1442 1334 »

41 1375 260 1427 dicimus,
286 1375 536 1434 proponit;
562 1375 791 1434 quasdam
817 1381 973 1421 autem
1001 1377 1135 1422 aliter
1157 1376 1448 1429 desinentes,

43 1463 92 1504 ut
103 1456 318 1517 symbola,
334 1457 458 1509 utile,
476 1457 636 1510 utilite’,
655 1459 1005 1517 interpretatur.
1030 1459 1210 1514 Quibus
1225 1473 1278 1505 ex
1298 1461 1451 1506 verbis

41 1553 136 1586 non
167 1541 415 1587 minimum
440 1541 638 1587 fructum
669 1541 774 1587 licet
805 1543 1159 1601 lexicograpbus
1183 1542 1351 1601 capiat.

107 1624 222 1670 Inde
257 1636 528 1670 revocamur
555 1624 612 1669 ad
641 1625 824 1670 diversa
852 1625 1008 1683 poesis
1036 1638 1227 1683 genera,
1255 1638 1358 1671 cum
1395 1626 1452 1672 de

43 1706 117 1752 his
155 1706 351 1752 strictim
390 1711 553 1766 agatur
590 1719 710 1765 quae
747 1708 909 1766 gallice
957 1708 1263 1754 nominantur
1301 1725 1310 1754 :
1358 1707 1452 1753 bal-

41 1788 167 1834 lades
194 1787 415 1843 tumbam,
444 1789 626 1834 cloubles
659 1789 853 1835 croz'sees
886 1805 942 1834 en
979 1790 1236 1843 ὧαῖῖαιίαηϊ,
1265 1790 1447 1851 fatrem,

41 1872 248 1925 vz'relais,
289 1877 443 1917 motets
477 1873 798 1933 esquartelle's,
839 1878 996 1918 motets
1031 1874 1332 1935 imparfav'ts,
1375 1890 1449 1920 ro-

39 1960 256 2015 truenyes
295 1956 610 2017 esquartelle's,
650 1956 866 2001 rondeau
906 1957 1044 2002 cl’zme
1078 1957 1270 2017 syllaba,
1310 1959 1450 2003 arba-

43 2038 250 2084 Zestrz'ere
279 2038 460 2099 rogale,
490 2039 825 2099 audenffleres,
857 2039 1059 2084 ballades
1098 2055 1154 2085 en
1186 2040 1334 2086 sottie.

107 2123 278 2169 Iterum
322 2128 423 2169 acta
465 2123 722 2169 illustrium
773 2124 1071 2181 antiquitatis
1112 2124 1335 2183 profanae
1381 2125 1449 2170 vel

43 2218 201 2252 sacrae
229 2205 434 2252 virorum
465 2207 813 2265 mulierumque
842 2207 1125 2253 referuntur.

108 2289 330 2347 Sequitur
355 2288 498 2336 index
533 2290 614 2347 qui
650 2290 891 2348 complura
933 2290 1080 2335 millia
1120 2290 1451 2336 vocabulorum

44 2372 167 2418 inter
194 2384 244 2419 se
268 2373 631 2420 consonantium
658 2373 883 2425 continet,
916 2386 1115 2431 quorum
1146 2374 1378 2432 permulta
1405 2374 1452 2420 in

45 2455 176 2501 nullo
204 2455 418 2502 invenias
447 2456 693 2515 glossario.

110 2537 287 2584 Deinde
322 2539 586 2597 explanatis
616 2539 766 2585 tribus
809 2540 1084 2586 nominibus
1116 2540 1163 2585 in
1193 2541 1322 2598 poesi
1358 2541 1454 2586 usi-

46 2620 154 2665 tatis
191 2619 258 2678 (Za
293 2620 584 2666 declaration
619 2621 675 2666 de
706 2636 752 2667 111
780 2637 908 2667 noms
939 2637 995 2667 en
1027 2621 1244 2682 poetrr'e),
1277 2623 1456 2669 scilicet

46 2702 238 2763 AtropO,
270 2704 571 2764 Proserpina,
604 2702 859 2759 Mercurio,
890 2705 948 2751 ad
978 2711 1245 2765 poematum
1275 2705 1454 2765 species

1206 2785 1227 2826 3
