1788 3055
699 193 910 235 ...13-

99 287 300 340 versari,
337 290 382 333 et
413 298 562 339 nunc,
595 286 798 333 ballatae
836 286 1001 334 instar.
1047 285 1262 332 versibus
1299 283 1508 346 repetitis

99 371 208 423 frui,
243 382 345 416 cum
372 369 513 416 iidem
543 369 668 428 apud
699 369 876 427 priores
905 369 1100 414 omnino
1123 369 1392 416 deficerent.
1418 370 1509 415 Cur

99 460 254 501 autem
284 454 341 500 de
369 454 659 500 servantasio
686 453 822 511 plura
852 465 945 498 non
969 452 1156 505 dixerit,
1188 454 1352 499 miram
1377 466 1508 500 excu-

99 537 328 584 sationem
359 537 516 582 attulit
543 536 825 582 Eustachius
851 552 860 581 :
895 554 913 576 «
1053 549 1172 594 pour
1200 549 1248 582 ce
1276 549 1368 594 que
1397 538 1509 583 c'est

99 632 300 679 ouvrage
321 620 401 678 qui
429 631 478 665 se
506 624 637 678 porte
665 632 723 664 au
753 620 860 677 puis
888 618 1138 664 d'Amours
1163 625 1205 664 el
1228 631 1319 677 que
1342 619 1507 665 nobles

98 703 313 749 hommes
354 703 487 748 n'ont
531 715 614 761 pas
652 702 926 748 accustume
962 701 1018 748 de
1053 714 1101 748 ce
1139 702 1270 748 faire.
1309 720 1328 742 »
1374 702 1508 749 Unde

98 785 399 832 manifestum
443 790 514 830 est
551 785 730 843 poetica
769 785 989 836 concilia,
1028 785 1163 843 vulgo
1199 798 1319 844 pays
1354 785 1502 836 dicta,

98 868 348 928 praecipue
374 881 400 913 a
426 868 623 926 plebejis
646 867 908 926 ceterisque
936 868 1063 913 haud
1087 867 1234 913 nobili
1260 868 1359 914 loco
1383 869 1505 914 natis

97 951 244 998 fuisse
279 951 537 1003 celebrata.;
579 957 818 1010 praeterea
853 951 991 996 nobis
1031 950 1076 995 in
1109 955 1311 997 mentem
1340 950 1506 997 subeat

96 1034 413 1094 potentissimi
453 1034 695 1093 cujusdam
737 1035 976 1093 optimatis
1010 1034 1206 1093 imperio
1241 1035 1414 1080 librum
1447 1035 1505 1080 ab

96 1117 347 1164 Eustachio
369 1118 592 1177 scriptum
624 1131 726 1164 esse
752 1116 836 1177 (l).

162 1201 395 1248 Carminis
423 1206 577 1247 autem
616 1200 784 1245 m‘relaz'
819 1201 926 1247 dicti
968 1201 1149 1259 legibus
1178 1201 1430 1259 expositi&
1462 1207 1506 1247 et

95 1285 235 1331 trium
262 1285 383 1331 inter
407 1297 456 1331 se
478 1285 782 1330 dissimilium
807 1285 1126 1343 exemplorum
1156 1284 1331 1329 auxilio
1358 1284 1502 1343 expli-

93 1368 232 1418 catis,
267 1367 326 1413 ad
365 1367 628 1413 rondellum
670 1368 882 1428 accedit3
916 1367 972 1412 de
1011 1380 1103 1425 quo
1141 1367 1261 1412 nihil
1301 1368 1504 1426 amplius

93 1451 185 1496 nisi
217 1450 343 1509 quod
370 1451 628 1509 specimina
660 1451 889 1509 simplicis
922 1451 1119 1497 rondelli
1150 1451 1269 1502 duo,
1302 1451 1503 1509 duplicis

93 1547 240 1580 unum
268 1535 407 1580 modo
434 1535 651 1593 producit
681 1534 764 1595 (2).

155 1618 221 1664 Ne
248 1618 455 1670 libellus,
488 1619 660 1677 inquit,
692 1624 821 1665 extra
850 1619 1040 1664 modum
1074 1624 1278 1677 turgeat,
1309 1619 1366 1665 de
1396 1632 1501 1677 pas-

92 1702 320 1748 toralibus
347 1701 676 1764 (pastozwelles)
699 1707 743 1748 et
767 1702 823 1748 de
847 1702 1002 1748 stultis
1032 1703 1332 1748 cantionibus
1360 1702 1502 1763 (sottes

91 1782 329 1844 chansons)
382 1797 431 1831 se
478 1786 724 1831 taciturum
772 1785 1043 1836 denuntiat,
1088 1785 1262 1843 quibus
1309 1786 1499 1844 quidem

131 1945 174 1986 (1)
198 1944 416 1976 Eustachius
442 1945 486 1976 de
510 1944 678 1986 Campis,
701 1946 762 1985 qui
789 1954 833 1976 ex
855 1946 1010 1978 honesto
1032 1955 1165 1987 genere
1187 1949 1287 1977 ortus
1311 1950 1404 1981 erat,
1424 1955 1501 1977 ser—

89 2005 275 2036 vantasios
304 2013 379 2036 non
410 2005 601 2045 scripsisse
632 2005 801 2043 videtur,
829 2014 909 2036 cuni
943 2007 1082 2037 nullum
1116 2005 1324 2046 hujusmodi
1357 2014 1502 2036 carmen

90 2064 186 2105 apud
209 2064 360 2095 collecta
378 2065 455 2104 ejus
474 2073 584 2104 opera
602 2064 821 2096 inveniatur.

132 2123 175 2164 (2)
198 2123 382 2164 Simplicis
403 2123 579 2161 rondelli‚
605 2124 663 2155 eui
685 2127 813 2164 postea
839 2133 972 2155 nomen
994 2126 1134 2164 (Melet,
1159 2125 1227 2156 hoc
1245 2127 1299 2155 est
1326 2124 1470 2155 schema
1492 2133 1498 2154 :

518 2200 1066 2241 1a2b13a1a14a5b11a2b.

129 2258 294 2300 Duplieis
314 2268 402 2291 vero
421 2268 427 2290 :

272 2339 309 2370 1a
332 2339 374 2370 ‘lb
396 2339 436 2371 33
455 2338 495 2371 41>
516 2340 520 2379 Ι
541 2341 582 2372 5a
603 2340 643 2372 6b
665 2340 702 2372 la
722 2340 763 2371 'Zb
783 2341 788 2380 1
808 2341 849 2372 73
872 2340 912 2372 So
933 2341 974 2372 ea
998 2340 1056 2373 loo
1081 2340 1119 2371 la
1139 2339 1180 2371 ‘lb
1203 2341 1243 2371 33
1265 2340 1317 2372 4b.

129 2418 210 2448 Alia
229 2418 380 2457 huJ'usee
402 2418 708 2459 carminisfigura
730 2419 823 2450 inter
843 2419 993 2450 collecta
1015 2419 1200 2450 Eustachii
1224 2428 1334 2459 opera
1355 2419 1499 2450 inveni-

88 2479 159 2515 tur,
181 2476 224 2508 de
245 2486 315 2517 qua
336 2477 374 2507 in
394 2480 480 2508 Arte
501 2479 670 2509 dictandi
692 2479 791 2508 nulla
809 2478 848 2508 fit
869 2479 1017 2517 mentio,
1037 2488 1141 2518 quam
1165 2479 1311 2518 quidem
1333 2479 1497 2519 figuram,

88 2545 169 2567 eum
190 2537 308 2576 quarti
331 2536 460 2567 decimi
482 2538 615 2568 saeculi
639 2537 833 2577 peculiaris
862 2537 925 2576 sit,
951 2537 1208 2577 rarissimequo
1235 2540 1363 2577 postea
1388 2547 1498 2568 usur—

88 2598 192 2636 pata,
215 2597 410 2636 scriptores
435 2597 578 2628 Artium
602 2598 696 2628 infra
717 2597 980 2637 descriptarum
1007 2596 1152 2627 silentio
1175 2597 1498 2637 praetermiserunt

90 2653 158 2692 (Cf.
181 2654 222 2688 G.
249 2655 427 2695 Raynaud
442 2681 449 2693 ,
470 2658 674 2687 Rondeaux
695 2660 727 2687 et
749 2659 874 2687 autres
894 2657 1037 2694 poesies
1059 2657 1110 2687 clu
1132 2658 1342 2695 quinzieme
1367 2657 1474 2688 siecle
1489 2680 1496 2694 ,

89 2722 123 2755 p.
144 2721 272 2746 xxxlx.
295 2731 335 2737 —-
357 2713 502 2746 Societe
524 2715 587 2746 des
609 2715 757 2747 anciens
777 2718 895 2747 textes
916 2715 1098 2756 franc-ais).
