1788 3055
820 194 1030 233 -88-

219 287 359 333 verba
385 297 492 331 vero
521 286 718 330 univoca
745 285 842 330 sive
867 287 1086 328 coronata
1109 284 1157 328 in
1180 283 1336 329 medio
1368 282 1452 344 (1),
1478 288 1559 330 aut
1586 285 1636 329 in

218 368 313 413 fine
340 379 559 413 versuum
586 364 671 426 (⁶2),
696 366 847 412 autin
869 365 1025 412 medio
1049 366 1192 411 simul
1213 370 1356 423 atque
1377 366 1426 411 in
1451 365 1545 412 fine
1571 363 1637 426 (5)

217 450 450 496 collocari.

283 533 366 578 His
396 532 551 578 verbis
579 532 738 577 Artem
766 532 970 578 absolvit
1000 547 1010 577 :

291 634 309 657 t(
342 616 484 662 Assez
513 615 721 661 d’autres
751 616 917 674 reigles
947 619 991 660 61
1020 615 1174 660 1611163
1202 614 1260 661 (16
1288 615 1561 679 rhetorique
1589 627 1640 661 se

218 703 434 745 treuvent
463 710 554 756 que
582 698 690 756 n’ay
720 710 838 756 pour
863 697 1068 744 brefvete
1097 698 1168 756 icy
1197 709 1380 755 posees.
1407 697 1495 743 Car
1515 698 1639 743 36111-

219 782 397 827 161116111
432 793 489 839 ay
525 780 696 826 touche
734 793 760 824 a
794 780 996 838 prendre
1031 780 1097 825 les
1134 780 1403 826 meilleures
1443 785 1489 826 et
1532 780 1639 839 plus

220 863 392 909 rienes,
424 862 509 908 Fin
539 862 597 908 de
625 862 730 907 l'art
757 867 802 908 et
829 862 1013 908 30161106
1044 862 1102 908 de
1130 862 1461 920 Rhetoricque.
1494 879 1513 903 »

287 945 512 1003 Sequitur
536 944 678 991 index
702 944 884 990 circiter
907 944 1283 1002 quattuordecim
1311 944 1461 990 millia
1483 945 1641 991 verbo-

220 1040 324 1073 rum
352 1027 476 1073 inter
503 1039 554 1073 se
577 1026 942 1072 consonantium
966 1027 1234 1079 001111116113,
1253 1039 1454 1085 quorum
1480 1032 1643 1086 postea

222 1111 370 1156 multa
393 1111 490 1168 jam
514 1110 728 1156 obsoleta
755 1110 896 1155 homo
927 1109 1140 1168 quidam,
1166 1110 1300 1168 cujus
1330 1122 1445 1156 sane
1473 1110 1561 1157 fuit
1590 1111 1642 1156 li-

221 1194 322 1245 ber,
337 1193 526 1244 delevit,
544 1192 792 1238 nonnullis
808 1192 915 1238 aliis
931 1192 979 1237 in
998 1204 1158 1238 eorum
1178 1193 1330 1238 locum
1350 1192 1639 1239 substitutis.

225 1277 288 1321 Ex
321 1275 476 1321 verbis
511 1280 668 1320 autem
697 1276 762 1321 ita
798 1274 1034 1327 3111166113,
1066 1287 1242 1321 nomen
1273 1274 1513 1320 Malherbe
1547 1276 1644 1335 dig-

228 1370 341 1404 num
370 1363 442 1404 est
469 1359 603 1415 cujus
633 1358 923 1404 mentionem
960 1358 1144 1403 faciam.
1177 1359 1264 1413 Qui
1297 1370 1404 1404 vero
1438 1358 1642 1404 indicem

223 1441 311 1486 1106
333 1440 473 1486 modo
500 1440 768 1486 emendavit
790 1440 913 1486 idem
937 1452 1042 1486 esse
1063 1440 1180 1485 mihi
1199 1440 1383 1486 videtur
1404 1445 1546 1499 atque
1565 1441 1645 1488 ilie

223 1523 305 1581 qui
341 1523 388 1567 in
423 1522 618 1568 ultimae
656 1522 854 1581 paginae
891 1523 1102 1581 margine
1140 1523 1331 1581 scripsit
1361 1539 1370 1568 :
1409 1541 1428 1564 (ι
1459 1524 1640 1583 fleury,

223 1617 306 1665 roy
333 1605 391 1652 de
421 1606 613 1658 Franee‚
645 1618 672 1651 a
699 1611 806 1652 tous
834 1610 1050 1664 presents
1079 1611 1184 1653 et...
1216 1605 1364 1651 Bellot
1388 1624 1407 1648 »
1445 1605 1529 1667 (4).

264 1811 306 1850 (1)
352 1811 435 1842 Non
456 1820 540 1842 sans
564 1812 650 1841 voix
669 1820 758 1850 voys
777 1812 872 1842 crier
893 1821 912 1842 6
933 1811 1027 1843 Dieu
1049 1820 1186 1852 mercy,

354 1868 424 1901 Car
447 1878 492 1900 en
513 1871 618 1901 croix
640 1879 747 1909 croys
770 1871 831 1910 qui
853 1871 981 1901 chasse
1003 1871 1116 1901 maint
1141 1880 1296 1912 souey...

267 1928 311 1968 (⁶2)
356 1928 426 1960 Par
447 1929 613 1969 guerrier
633 1931 734 1960 n'ont
755 1930 806 1960 les
826 1932 992 1968 pupilles
1011 1932 1100 1968 plus
1118 1932 1228 1968 pilas,

354 1987 488 2019 Vefves
511 1991 575 2019 ont
596 1991 718 2028 pertes
736 1998 807 2019 aux
826 1989 931 2029 longz
955 1991 1108 2028 clesroys
1126 1991 1190 2020 des
1210 1998 1335 2028 roys...

349 2106 472 2144 Quant
493 2106 541 2137 du
562 2116 632 2147 gay
651 2108 762 2147 bruyt
784 2106 967 2138 d’arnours
990 2109 1148 2138 souvent
1172 2109 1258 2138 vent
1281 2110 1400 2145 vente,

349 2165 393 2196 Et
417 2165 575 2203 l'amant,
597 2166 659 2206 qui
679 2176 746 2197 son
769 2175 882 2197 cueur
904 2169 1058 2207 sqavant
1082 2167 1191 2205 vend,
1215 2169 1324 2197 vante

353 2224 521 2257 S'amour
528 2248 1363 2259 ................

266 2284 308 2324 (3)
478 2284 548 2315 Ρ61
569 2285 712 2316 discors
731 2294 815 2316 cors
834 2286 870 2325 ja
892 2284 967 2325 pris
986 2293 1031 2315 en
1053 2287 1204 2316 recorclz
1226 2293 1347 2323 corps.

476 2343 598 2375 Creux
619 2346 773 2383 garnidz
796 2346 894 2383 nich,
918 2353 966 2374 ou
987 2354 1007 2374 a
1028 2353 1103 2374 mes
1125 2353 1231 2383 amys
1253 2353 1376 2383 myS...

267 2400 311 2440 (4)
341 2400 466 2433 Codex
497 2402 566 2433 fuit
595 2402 727 2433 deinde
755 2402 996 2442 quorumdam
1024 2402 1188 2433 virorum
1217 2403 1365 2433 nomine
1392 2405 1580 2433 Tourenot
1612 2406 1647 2434 et

224 2463 437 2499 Daryouyes
457 2472 465 2491 .·
482 2471 497 2490 «
521 2460 570 2492 Ge
594 2464 742 2501 present
764 2462 855 2493 livre
880 2462 1087 2502 appartient
1109 2472 1128 2492 6
1149 2461 1195 2492 M.
1215 2461 1423 2493 Toufvenot
1446 2462 1478 2492 16
1501 2460 1645 2502 Clique-

225 2517 294 2548 tier
309 2543 316 2555 ‚
339 2518 554 2550 demeurant
576 2529 620 2550 en
638 2520 672 2551 16
690 2529 754 2551 rue
777 2520 840 2551 des
859 2521 1078 2552 Amazones.
1103 2531 1118 2548 »

269 2587 283 2605 «
306 2577 337 2607 A
358 2586 441 2608 mon
463 2578 593 2608 cousin
620 2581 654 2608 et
681 2580 753 2609 bon
781 2588 884 2619 amy,
910 2587 994 2609 mon
1020 2579 1149 2610 cousin
1171 2578 1407 2619 Dargouges,
1431 2579 1646 2610 demeurant

226 2644 270 2666 en
295 2636 328 2666 la
349 2637 513 2676 paroisse
537 2637 641 2668 Saint
664 2637 788 2668 Pierre
817 2638 860 2668 de
892 2641 1008 2674 Caen,
1040 2637 1121 2678 pres
1151 2639 1184 2668 la
1207 2637 1333 2669 Cohue
1355 2637 1482 2668 dudict
1506 2638 1600 2675 lieu,
1625 2647 1645 2668 6

225 2694 286 2736 qui
309 2696 515 2737 appartient
537 2705 576 2727 66
597 2700 745 2738 present
766 2697 868 2728 livre.
893 2697 964 2735 Qui
985 2697 1017 2729 16
1037 2700 1220 2735 trouvera,
1238 2696 1323 2737 qu'il
1338 2697 1402 2738 luy
1421 2696 1544 2736 rende,
1562 2699 1597 2728 et
1614 2696 1639 2728 ss
