1788 3055
862 207 1045 245 -4-

249 306 465 360 poemata
490 300 679 360 saepius
705 299 1013 345 inveniuntur
1041 311 1160 357 quae
1185 310 1419 357 nusquam
1451 297 1563 344 alibi
1594 310 1658 345 re-

249 385 389 444 periri
420 389 645 443 possunt:
679 396 815 441 quae,
843 383 983 428 etiam
1013 382 1051 427 si
1080 364 1272 427 aliunde
1297 387 1653 440 cognoscantur,

249 469 325 514 hic
352 468 501 513 varias
530 467 752 512 lectiones
779 465 1008 519 ot'ferunt3
1035 466 1178 510 immo
1207 478 1260 510 ea
1287 465 1391 511 ideo
1419 465 1465 509 in
1495 477 1653 511 exem-

248 550 377 608 plum
415 549 611 608 proponi
642 554 834 607 apparet
862 549 973 606 «tinia
1001 548 1199 593 multum
1235 549 1330 593 illis
1367 547 1655 606 temporibus

248 632 506 692 approbata
525 631 807 689 laudataque
827 631 1039 681 fuerunt;
1056 630 1227 676 deinde
1241 630 1444 676 auctoris
1462 642 1652 682 nomeu,

248 716 372 776 quod
414 717 461 761 in
501 715 606 761 aliis
641 715 881 761 codicibus
910 714 1063 769 deest,
1092 714 1169 760 hic
1196 714 1455 773 aliquando
1482 714 1657 773 pariter

247 812 350 846 cum
380 798 593 845 versibus
624 798 835 844 refertur.

311 885 458 929 Immo
481 883 627 929 nostri
658 882 763 927 libri
794 882 1023 940 quosdam
1054 886 1215 940 poetas
1243 881 1462 926 floruisse
1490 880 1656 927 docent

246 968 302 1014 de
342 967 516 1026 quibus
556 967 685 1012 nulla
724 967 841 1012 alias
881 966 1084 1017 menti0;
1117 965 1347 1024 quosdam
1377 965 1524 1017 alios,
1557 965 1653 1023 jam

244 1055 381 1097 antea
421 1050 658 1109 cognitOS‚
699 1050 833 1095 novis
874 1049 1115 1095 illustrant
1156 1048 1479 1097 documentis2
1520 1047 1656 1106 plura

245 1146 434 1193 quoque
459 1134 534 1179 hic
562 1132 835 1179 testimonia
859 1132 915 1178 de
945 1132 1138 1191 poeticis
1168 1130 1505 1177 certaminibus
1535 1142 1655 1188 quae

244 1222 341 1262 tum
380 1234 398 1257 c<
428 1216 568 1275 podia
596 1234 613 1256 »
653 1216 954 1262 vocabantur.

306 1301 467 1358 Neque
495 1300 595 1345 sola
621 1299 818 1345 historia
852 1310 1020 1358 operae
1049 1299 1249 1356 pretium
1280 1297 1473 1344 habebit
1499 1297 1537 1344 si
1568 1297 1654 1343 hos

243 1383 388 1429 libros
411 1383 620 1441 evolvatz,
647 1383 794 1427 mulla
817 1393 1006 1439 quoque
1029 1381 1203 1426 indicia
1231 1381 1468 1440 philologo
1497 1385 1654 1439 parata

243 1471 370 1517 sunt,
397 1466 434 1511 si
465 1466 574 1510 velit
598 1465 849 1523 anquirere
873 1477 965 1522 quo
990 1464 1127 1510 modo
1158 1469 1255 1509 tum
1282 1463 1421 1510 verba
1443 1475 1652 1522 pronun·

241 1550 472 1595 tiarentur
509 1553 553 1594 et
591 1553 841 1601 sonarent3
877 1547 952 1592 hic
985 1548 1109 1593 enim
1156 1565 1173 1587 c<
1210 1546 1537 1605 rhythmorum
1578 1557 1649 1592 re-

240 1633 444 1692 pertoria
474 1650 491 1673 »
529 1644 668 1690 saepe
702 1630 979 1690 longissima
1008 1636 1052 1676 et
1085 1630 1143 1675 ab
1171 1630 1506 1689 glossariorum
1542 1642 1648 1675 auc-

240 1715 423 1762 toribus
472 1715 712 1774 neglecta,
762 1714 1088 1772 benigniorem
1148 1713 1395 1759 verborum
1450 1724 1648 1759 messem

239 1799 478 1850 tulissent,
511 1810 631 1856 quae
660 1798 706 1842 in
738 1810 900 1844 eorum
932 1809 1070 1855 opero
1098 1796 1443 1843 desiderantur.

304 1883 398 1928 Hos
427 1886 582 1928 tamen
613 1881 733 1927 circa
761 1881 907 1926 libros
937 1880 1170 1939 quamvis,
1203 1884 1253 1925 ut
1281 1880 1418 1926 nobis
1446 1879 1646 1931 videtur,

239 1965 520 2011 utilissimos
573 1965 769 2010 minima
819 1964 973 2009 adhuc
1022 1963 1108 2009 fuit
1156 1963 1446 2009 eruditorum
1500 1975 1609 2008 cura
1637 1978 1646 2014 ;

239 2048 431 2107 quidam
468 2060 628 2094 eorum
660 2047 870 2093 nondum
902 2046 1012 2093 editi
1043 2051 1177 2097 sunt,
1209 2046 1347 2092 ceteri
1388 2045 1509 2105 typis
1548 2045 1650 2104 qui-

239 2131 342 2178 dem
368 2131 594 2183 mandati,
613 2131 779 2189 quinto
802 2130 982 2176 decimo
1006 2131 1071 2176 vel
1091 2135 1222 2176 sexto
1241 2130 1421 2176 decimo
1442 2129 1647 2183 saecum,

237 2215 320 2261 sed
350 2214 754 2274 negligentissima
783 2214 1179 2273 typographorum
1209 2218 1336 2265 a.rte;
1371 2213 1417 2258 hi
1451 2213 1649 2258 rariores

240 2298 379 2344 etiam
414 2297 518 2343 facti
556 2303 667 2343 sunt
705 2310 844 2355 quam
880 2297 946 2342 illi
986 2297 1066 2355 qui
1104 2297 1204 2342 sola
1241 2296 1498 2342 scribarum
1539 2308 1648 2341 cura

240 2381 499 2427 conservati
530 2381 734 2427 fuerunt.
762 2381 960 2436 Quidam
992 2381 1159 2426 iterum
1185 2381 1307 2439 typis
1330 2379 1461 2431 editi,
1488 2379 1569 2425 sed
1598 2379 1645 2424 in

238 2477 398 2510 eorum
438 2477 573 2510 usum
611 2477 813 2523 quorum
849 2464 1078 2509 curiosior
1110 2464 1396 2509 bibliotheca
1422 2475 1474 2508 ea
1502 2461 1646 2521 potis-

239 2547 355 2594 sime
384 2547 566 2593 affectat
593 2560 713 2605 quae
740 2560 843 2592 rara
871 2552 1009 2597 suut3
1037 2547 1213 2592 scilicet
1235 2558 1381 2592 novae
1404 2546 1521 2591 istae
1549 2544 1645 2591 edi-

237 2630 390 2676 tiones
438 2635 481 2676 et
532 2631 765 2689 pessimae
817 2635 954 2682 suut,
1002 2642 1087 2676 nec
1132 2630 1222 2675 uisi
1276 2641 1444 2688 magno
1494 2627 1644 2687 pretio

237 2718 474 2760 emuntur.
