1788 3055
679 177 893 216 ...41-

148 273 281 318 Hune
321 270 664 318 servantasium
699 268 958 316 recitabant
992 269 1040 314 in
1075 268 1201 315 ludis
1238 269 1286 314 in
1329 268 1490 314 Insula

84 354 332 401 Flandriae
366 354 578 413 proxima
604 352 679 399 die
705 351 942 398 dominica
968 356 1077 398 ante
1104 352 1488 411 Assumptionem

83 438 250 483 Beatae
277 436 449 483 Mariae
477 435 671 482 habitis.

146 519 278 575 Quae
328 531 472 577 pauca
523 518 805 564 Eustachius
853 517 910 563 de
960 516 1249 562 servantasio
1295 515 1491 563 tradidit

82 601 276 647 minime
302 600 560 647 abhorrent
595 613 620 646 a
650 600 850 647 Baldetti
887 599 1173 658 praeceptis;
1212 599 1489 645 amatoriam

81 696 187 731 vero
212 683 371 731 omisit
399 684 700 730 EustachiUS.

147 767 372 826 Exempla
405 771 449 813 et
486 771 650 812 cantus
689 767 858 825 regalis
894 778 1033 825 quern
1071 765 1236 813 audire
1272 765 1490 812 solebant

80 850 340 896 Normanni
364 850 412 896 in
436 850 691 909 Dieppensi
719 850 935 902 concilio,
967 855 1012 896 et
1044 866 1063 890 <t
1090 849 1346 896 amatoriae
1373 849 1489 896 stul-

83 938 156 980 tae
182 951 201 974 1>
239 946 358 992 quae
385 933 650 987 Ambianis‚
681 933 898 980 kalendis
924 933 1149 993 januarii,
1186 933 1486 987 recitabatur,

82 1022 127 1064 et
152 1017 402 1076 pastoralis
431 1016 765 1063 Bethuniensis
797 1017 1009 1064 eamdem
1039 1017 1236 1077 figuram
1264 1016 1491 1076 praebent

287 1168 315 1199 Il
333 1177 437 1199 serve
459 1168 614 1199 Amours
636 1177 680 1198 en
704 1169 803 1199 vraie
824 1169 1024 1204 cntention.

286 1226 356 1259 Car
377 1227 463 1258 c‘est
487 1227 592 1267 celuy
614 1228 675 1267 qui
696 1237 753 1258 ses
775 1229 935 1268 subjectz
957 1237 1105 1262 avance,

285 1288 376 1319 Tant
397 1292 451 1319 est
471 1288 582 1328 large,
606 1288 794 1328 puissante
816 1292 850 1319 et
871 1288 1082 1325 honoraffle,

286 1348 330 1379 Et
349 1347 434 1388 qu'il
456 1348 527 1379 soit
545 1357 634 1388 vray
656 1357 719 1388 par
737 1357 775 1379 sa
796 1352 900 1379 vertu
922 1349 1058 1386 loable‚

287 1407 364 1439 Son
385 1408 565 1439 serviteur
585 1407 629 1438 de
651 1410 734 1439 touz
756 1408 854 1439 vices
875 1409 1037 1445 absente,

287 1468 374 1498 Puis
394 1468 428 1498 le
448 1467 599 1498 conduit
617 1476 661 1498 cn
682 1468 715 1497 la
733 1467 874 1507 joieuse
896 1470 997 1497 sente

286 1527 338 1558 De
359 1526 479 1557 Doulx
502 1526 657 1567 Regard,
680 1536 727 1557 ou
749 1536 812 1567 par
834 1527 1016 1567 plaisancc
1038 1527 1229 1562 heureuse,

287 1586 392 1618 Desir
412 1587 475 1626 luy
497 1586 596 1617 vient
617 1586 698 1626 qu'a
720 1586 859 1617 damme
885 1586 1022 1617 Amour
1042 1586 1208 1623 s’asente‚

288 1645 345 1677 Ou
364 1655 470 1686 grace
491 1646 604 1676 maint
623 1648 656 1676 et
678 1645 854 1676 doulceur
875 1646 1120 1686 plantureuse.

286 1729 330 1760 Et
354 1729 436 1769 puis
457 1729 649 1769 qu'Amors
670 1738 734 1769 par
755 1730 874 1760 bonne
897 1711 1106 1761 affection...

84 1850 196 1879 Taille
231 1850 274 1879 de
306 1850 518 1880 Serventoz's
552 1852 701 1880 servant
735 1851 870 1880 (levant
907 1852 939 1879 et
977 1850 1140 1879 clerrz'ere
1177 1857 1196 1878 a
1233 1850 1489 1879 l'Amoureuse

639 1910 774 1939 devant
802 1910 898 1939 (liele
928 1920 935 1938 .-

287 2019 447 2051 S'amant
468 2020 567 2051 veuit
588 2020 689 2051 vivre
711 2028 754 2050 en
776 2020 1016 2059 consolation,

285 2079 312 2110 Il
333 2079 411 2110 doit
432 2080 534 2110 avoir
555 2088 600 2110 en
624 2088 690 2110 son
711 2088 824 2110 cucur
848 2088 1079 2111 souvenanco

285 2137 475 2170 Commeat
492 2139 599 2178 Jadiz,
620 2148 684 2179 par
705 2139 941 2178 suspiration,

286 2197 390 2230 saint
410 2198 525 2229 Jehan
546 2199 597 2230 vit
618 2207 665 2229 011
687 2198 780 2229 saint
801 2198 870 2229 ciel
890 2199 923 2229 la
944 2199 1147 2229 semblance

290 2257 405 2288 D’une
427 2258 556 2288 semme
579 2258 733 2297 benigne
756 2261 789 2288 et
812 2257 1020 2296 charitable⁷

287 2317 452 2348 Affublec
475 2317 521 2347 du
543 2317 646 2348 soleil
668 2317 871 2354 delictable‚

285 2376 355 2414 Qui
375 2385 560 2408 couronne
580 2377 716 2417 portoit
737 2377 781 2407 de
804 2385 929 2407 oeuvre
955 2377 1167 2416 excellente,

286 2435 408 2467 Faicte
427 2436 472 2467 de
490 2444 542 2467 xil
569 2436 740 2475 estoilles,
761 2436 834 2466 rice
857 2440 891 2466 et
912 2442 1030 2476 gente,

285 2495 329 2527 Et
351 2496 508 2534 ensanta,
533 2505 597 2536 par
616 2499 722 2527 vertu
747 2495 942 2536 glorieuse,

286 2554 369 2595 Ung
388 2555 490 2595 royal
511 2555 567 2586 filz
589 2554 633 2586 de
654 2553 813 2595 mageste
836 2554 1027 2594 prudente,

288 2613 344 2646 Ou
365 2623 470 2655 grace
493 2614 590 2646 avoit
607 2617 642 2645 et
664 2614 838 2645 doulceur
858 2614 1119 2654 plaintureuse.

288 2697 331 2728 Et
350 2699 433 2739 puis
454 2698 652 2738 qu'Amour
673 2706 736 2738 par
757 2698 876 2728 bonne
897 2697 1105 2731 affection...
1151 2714 1154 2716 v
