1788 3055
758 331 833 372 DE

155 519 450 600 ARTIBUS
501 518 936 598 RHETORICAE
986 518 1443 598 RHYTHMICAE

593 981 1010 1030 PROOEMIUM

165 1160 258 1204 Hoc
287 1170 458 1204 nomen
481 1157 617 1202 Artes
635 1156 913 1203 Rhetoricae
938 1157 1232 1217 rhythmicae
1256 1158 1351 1204 illis
1377 1171 1504 1204 com-

101 1241 472 1287 mentationibus
524 1241 718 1299 impono
771 1253 889 1299 quae
942 1246 1108 1299 quarto
1162 1241 1375 1293 decimo,
1429 1247 1508 1287 aut

100 1324 266 1383 quinto
288 1323 487 1376 decim0‚
508 1329 587 1369 aut
608 1324 653 1369 in
678 1325 833 1382 priore
853 1325 970 1370 sexli
989 1324 1157 1371 decimi
1182 1325 1355 1371 saeculi
1378 1330 1509 1383 parte

100 1407 206 1454 ideo
234 1407 520 1465 compositae
549 1413 660 1453 sunt
686 1412 736 1453 ut
760 1412 1106 1466 exponerentur
1135 1408 1310 1454 formae
1334 1408 1508 1467 quibus

101 1495 198 1536 tum
215 1489 333 1535 Galli
347 1494 510 1548 poetae
525 1490 590 1535 uti
607 1490 827 1536 solerent,
847 1491 1070 1536 Auctores
1084 1496 1238 1536 autem
1256 1491 1313 1537 de
1335 1491 1508 1549 quibus

102 1573 313 1620 dicturus
348 1585 477 1623 sum,
509 1586 612 1619 cum
650 1574 798 1632 ipsam
839 1575 1040 1632 poesim,
1080 1576 1333 1633 gratuitum
1371 1575 1506 1620 inna-

102 1662 299 1715 tumque
335 1662 528 1702 naturae
562 1656 766 1708 donum,
797 1657 855 1702 ab
890 1657 1087 1703 artificio
1125 1658 1296 1704 vellent
1335 1658 1506 1704 distin-

103 1752 270 1799 guere,
310 1752 431 1798 quae
475 1752 545 1785 res
586 1739 783 1786 discitur
824 1740 1204 1798 acquiriturque,
1248 1742 1507 1788 doctrinam

103 1823 232 1868 illam
267 1840 285 1863 «
315 1823 468 1869 Artem
501 1823 773 1869 Rhetoricae
806 1842 823 1864 »
859 1824 1213 1882 appellaverunt
1241 1837 1330 1882 qua
1359 1824 1506 1870 artifi-

104 1906 226 1953 cium
257 1905 409 1952 doceri
446 1912 599 1964 potest
633 1912 677 1952 et
712 1907 908 1965 acquiri.
940 1908 1005 1952 Ne
1034 1920 1138 1953 vero
1175 1926 1192 1948 (ι
1223 1910 1308 1954 Ars
1337 1909 1508 1954 Rheto-

104 1988 226 2035 ricae
260 2007 278 2029 >2
317 2001 420 2035 cum
449 1995 546 2035 arte
577 1990 807 2041 oratoria,
840 1995 1028 2048 propter
1055 1992 1263 2036 nominis
1292 1992 1512 2038 similitu·

106 2071 291 2123 dinem,
330 2071 724 2124 confunderetur,
765 2072 905 2118 finem
950 2074 1288 2132 materiamque
1325 2075 1509 2134 operis,

105 2153 278 2199 additis
298 2153 582 2212 quibusdam
605 2155 862 2205 vocabulis,
889 2154 1192 2202 definierunt.
1217 2157 1330 2202 Cum
1353 2162 1508 2203 tamen

107 2248 272 2282 omnes
305 2249 401 2282 rem
443 2236 665 2283 subtilius
707 2237 1021 2283 determinare
1059 2239 1256 2289 vellent,
1299 2239 1377 2283 alii
1423 2240 1515 2285 alia

108 2319 333 2364 vocabula
355 2319 589 2365 communi
616 2320 751 2366 titulo
770 2320 1071 2366 addiderunt.
1099 2321 1186 2366 Alii
1218 2339 1236 2361 «
1259 2321 1513 2368 secundam

111 2402 403 2447 Rhetoricam
443 2420 461 2442 2>
508 2402 696 2455 dixere;
730 2403 809 2448 alii
860 2420 877 2443 «
924 2403 1086 2448 laicam
1123 2404 1414 2450 Rlietoricam
1459 2420 1512 2456 »;

111 2483 190 2529 alii
230 2502 248 2525 α
285 2485 578 2530 Rhetoricam
616 2497 736 2543 quae
771 2485 905 2531 docet
940 2486 1176 2544 quomodo
1216 2487 1517 2545 implicentur

113 2566 320 2625 rhythmi
360 2572 404 2613 et
439 2567 700 2614 formentur
737 2568 994 2628 multigena
1039 2573 1251 2627 poemata
1289 2587 1333 2614 n.
1372 2569 1517 2615 Nobis

113 2661 221 2696 vero
249 2651 512 2697 communis
542 2651 707 2697 titulus
735 2651 981 2711 eligendus
1008 2652 1093 2698 fuit
1121 2653 1200 2711 qui
1233 2664 1397 2699 omnes
1432 2653 1518 2698 hos

1276 2734 1292 2771 1
