1788 3055
234 773 513 808 MOLINETTI
542 774 640 807 ARS
669 773 998 808 RHETORICAE
1025 773 1331 809 RECENTIORI
1358 773 1651 809 DOCTRINAE

741 863 1153 898 ACCOMMODATA.

301 1082 351 1126 ln
376 1080 533 1126 codice
555 1078 615 1140 (l)
637 1080 955 1127 Bibliothecae
983 1080 1240 1127 nationalis
1267 1080 1336 1141 fr.
1372 1082 1545 1135 12454,
1564 1081 1651 1128 Ars

237 1164 467 1223 quaedam
493 1163 767 1210 Rhetoricae
804 1164 1095 1223 rhythmicae
1123 1164 1379 1218 invenitur,
1407 1177 1528 1223 quae
1556 1177 1650 1211 non

237 1248 376 1294 modo
406 1247 585 1293 inedita
614 1248 804 1298 mansit,
834 1247 916 1292 sed
939 1247 995 1293 de
1022 1260 1114 1305 qua
1140 1249 1270 1293 nulla
1295 1260 1503 1306 unquam
1529 1261 1654 1295 men-

239 1332 301 1376 tio
344 1331 460 1376 facta
498 1336 585 1376 est.
633 1331 823 1376 Nullum
862 1331 1143 1389 inscriptum
1180 1336 1250 1377 est
1293 1331 1652 1390 compositionis

238 1419 451 1473 tempus,
484 1415 666 1459 nullum
691 1414 895 1459 auctoris
922 1427 1122 1466 nomen;
1162 1415 1286 1473 quod
1317 1415 1375 1461 ad
1412 1421 1650 1461 auctorem

237 1499 428 1548 attinet,
464 1499 646 1544 nullum
679 1498 906 1544 indicium
931 1499 1191 1557 reperimus
1221 1499 1348 1557 quod
1376 1505 1546 1545 certam
1576 1500 1650 1544 in-

238 1582 533 1641 dagationem
563 1583 882 1641 promitteret;
916 1588 1101 1641 tempus
1136 1595 1242 1629 vero
1280 1583 1480 1630 definire
1508 1596 1653 1642 prope

237 1671 307 1712 est
335 1671 385 1711 ut
418 1666 556 1711 nobis
597 1678 736 1724 posse
773 1666 1031 1712 videamur.
1066 1667 1238 1712 Auctor
1275 1667 1401 1712 enim
1433 1666 1490 1713 de
1522 1684 1540 1707 α
1572 1666 1652 1713 de-

237 1750 396 1795 functo
424 1750 639 1795 Johaune
668 1750 840 1808 Majore
868 1749 925 1795 de
950 1750 1102 1808 Belgis
1136 1769 1155 1789 n
1193 1762 1288 1795 non
1325 1751 1470 1796 semel
1500 1750 1652 1808 loqui-

240 1838 338 1883 tur;
370 1833 612 1878 „lohannes
641 1837 796 1878 autem
831 1837 911 1878 aut
945 1845 1070 1878 anno
1105 1835 1223 1878 1524
1252 1838 1332 1879 aut
1373 1846 1498 1879 anno
1532 1835 1651 1879 1548

239 1916 488 1962 defunctus
537 1920 638 1969 est;
678 1916 801 1971 inter
840 1915 932 1961 duo
982 1916 1095 1961 haec
1139 1921 1349 1975 tempora
1377 1916 1648 1976 ambigitur.

242 2001 368 2045 Hanc
396 2012 501 2045 vero
520 2000 675 2045 Artem
702 2005 805 2057 post
831 2012 1010 2044 annum
1037 2000 1153 2044 1548
1176 2000 1482 2058 compositam
1506 1999 1653 2046 fuisse

239 2083 423 2129 admitti
468 2096 769 2141 nequaquam
820 2088 974 2141 potest
1019 2099 1027 2127 :
1076 2096 1169 2141 qua
1216 2084 1340 2130 enim
1380 2083 1438 2130 de
1483 2096 1649 2137 causa,

178 2230 184 2235 ⁴
240 2179 389 2225 quove
413 2172 545 2225 pacto
569 2166 626 2212 de
647 2167 989 2212 mutationibus
1016 2167 1079 2212 ita
1104 2172 1276 2213 taceret
1300 2180 1420 2225 quae
1446 2169 1652 2213 Renova-

240 2251 381 2296 tionis
412 2256 620 2309 tempore
649 2250 793 2296 factae
822 2250 968 2296 sunt?
992 2251 1058 2295 An
1088 2250 1210 2296 dicat
1232 2251 1407 2308 aliquis
1437 2250 1534 2297 lieri
1565 2264 1649 2310 po-

242 2333 386 2379 tuisse
412 2339 461 2379 ut
484 2334 625 2379 homo
650 2334 816 2380 veteris
842 2340 1154 2391 assuetaeque
1183 2333 1424 2380 doctrinae
1450 2339 1648 2387 amator,

239 2417 591 2475 antiquioribus
640 2417 897 2475 exemplis,
933 2422 1192 2462 ceterorum
1238 2416 1507 2475 negligens,
1543 2429 1652 2463 con-

242 2501 472 2546 tumacius
520 2498 820 2546 adhaeserit?
851 2501 985 2545 Hunc
1026 2513 1130 2546 vero
1170 2512 1228 2545 ne
1265 2499 1425 2546 leviter
1459 2500 1648 2558 quidem

281 2661 322 2701 (1)
347 2660 472 2693 Codex
500 2664 817 2701 membranaceus,
845 2666 949 2692 sexto
975 2661 1116 2692 decimo
1145 2660 1291 2691 saeculo
1317 2660 1495 2700 scriptus,
1517 2660 1584 2691 fuit
1606 2669 1649 2691 ex

239 2721 341 2752 libris
365 2721 581 2752 parisiensis
607 2722 736 2753 doinus
758 2722 992 2753 Jesuitarum.
