<?xml version="1.0" encoding="UTF-8"?>
<!DOCTYPE html PUBLIC "-//W3C//DTD XHTML 1.0 Transitional//EN"
    "http://www.w3.org/TR/xhtml1/DTD/xhtml1-transitional.dtd">
<html xmlns="http://www.w3.org/1999/xhtml" xml:lang="en" lang="en">
 <head>
  <title>
</title>
<meta http-equiv="Content-Type" content="text/html;charset=utf-8" />
  <meta name='ocr-system' content='tesseract 3.04.00' />
  <meta name='ocr-capabilities' content='ocr_page ocr_carea ocr_par ocr_line ocrx_word'/>
</head>
<body>
  <div class='ocr_page' id='page_1' title='image "./deartibusrhetori00languoft_0085.png"; bbox 0 0 1788 3055; ppageno 0'>
   <div class='ocr_carea' id='block_1_1' title="bbox 108 808 1516 864">
    <p class='ocr_par' dir='ltr' id='par_1_1' title="bbox 108 808 1516 864">
     <span class='ocr_line' id='line_1_1' title="bbox 108 808 1516 864; baseline -0.004 -1"><span class='ocrx_word' id='word_1_1' title='bbox 108 827 171 863; x_wconf 89' lang='lat' dir='ltr'>LE</span> <span class='ocrx_word' id='word_1_2' title='bbox 216 826 393 863; x_wconf 84' lang='lat' dir='ltr'><strong>GRAND</strong></span> <span class='ocrx_word' id='word_1_3' title='bbox 431 826 494 862; x_wconf 92' lang='lat' dir='ltr'>ET</span> <span class='ocrx_word' id='word_1_4' title='bbox 532 825 656 860; x_wconf 85' lang='lat' dir='ltr'>VRAI</span> <span class='ocrx_word' id='word_1_5' title='bbox 696 825 797 860; x_wconf 86' lang='lat' dir='ltr'>ART</span> <span class='ocrx_word' id='word_1_6' title='bbox 848 822 914 858; x_wconf 88' lang='lat' dir='ltr'>DE</span> <span class='ocrx_word' id='word_1_7' title='bbox 967 822 1149 859; x_wconf 86' lang='lat' dir='ltr'>PLEINE</span> <span class='ocrx_word' id='word_1_8' title='bbox 1186 808 1516 864; x_wconf 59' lang='lat' dir='ltr'>RHaTomQUE</span> 
     </span>
    </p>
   </div>
   <div class='ocr_carea' id='block_1_2' title="bbox 595 968 1027 1001">
    <p class='ocr_par' dir='ltr' id='par_1_2' title="bbox 595 968 1027 1001">
     <span class='ocr_line' id='line_1_2' title="bbox 595 968 1027 1001; baseline -0.002 0"><span class='ocrx_word' id='word_1_9' title='bbox 595 970 755 1001; x_wconf 82' lang='lat' dir='ltr'><strong>Auctore</strong></span> <span class='ocrx_word' id='word_1_10' title='bbox 772 968 879 1000; x_wconf 81' lang='lat' dir='ltr'>Petro</span> <span class='ocrx_word' id='word_1_11' title='bbox 897 968 1027 1000; x_wconf 85' lang='lat' dir='ltr'>Fabro.</span> 
     </span>
    </p>
   </div>
   <div class='ocr_carea' id='block_1_3' title="bbox 112 1171 1537 2562">
    <p class='ocr_par' dir='ltr' id='par_1_3' title="bbox 112 1171 1523 1481">
     <span class='ocr_line' id='line_1_3' title="bbox 178 1171 1517 1233; baseline -0.004 -12"><span class='ocrx_word' id='word_1_12' title='bbox 178 1175 261 1222; x_wconf 88' lang='lat' dir='ltr'>Hic</span> <span class='ocrx_word' id='word_1_13' title='bbox 294 1174 414 1221; x_wconf 87' lang='lat' dir='ltr'>liber</span> <span class='ocrx_word' id='word_1_14' title='bbox 450 1175 675 1233; x_wconf 88' lang='lat' dir='ltr'>primum,</span> <span class='ocrx_word' id='word_1_15' title='bbox 712 1174 807 1232; x_wconf 89' lang='lat' dir='ltr'>jam</span> <span class='ocrx_word' id='word_1_16' title='bbox 841 1185 894 1218; x_wconf 93' lang='lat' dir='ltr'>eo</span> <span class='ocrx_word' id='word_1_17' title='bbox 924 1176 1110 1218; x_wconf 84' lang='lat' dir='ltr'>mortuo</span> <span class='ocrx_word' id='word_1_18' title='bbox 1139 1171 1220 1229; x_wconf 92' lang='lat' dir='ltr'>qui</span> <span class='ocrx_word' id='word_1_19' title='bbox 1249 1171 1517 1229; x_wconf 80' lang='lat' dir='ltr'>scripserat,</span> 
     </span>
     <span class='ocr_line' id='line_1_4' title="bbox 112 1252 1523 1317; baseline -0.005 -13"><span class='ocrx_word' id='word_1_20' title='bbox 112 1259 325 1317; x_wconf 85' lang='lat' dir='ltr'>vulgatus</span> <span class='ocrx_word' id='word_1_21' title='bbox 340 1270 465 1303; x_wconf 87' lang='lat' dir='ltr'>anno</span> <span class='ocrx_word' id='word_1_22' title='bbox 492 1259 632 1309; x_wconf 73' lang='lat'>1521,</span> <span class='ocrx_word' id='word_1_23' title='bbox 657 1256 810 1302; x_wconf 84' lang='lat' dir='ltr'>sexies</span> <span class='ocrx_word' id='word_1_24' title='bbox 826 1260 988 1314; x_wconf 89' lang='lat' dir='ltr'>postea</span> <span class='ocrx_word' id='word_1_25' title='bbox 1003 1255 1060 1301; x_wconf 90' lang='lat' dir='ltr'>de</span> <span class='ocrx_word' id='word_1_26' title='bbox 1082 1255 1262 1313; x_wconf 83' lang='lat' dir='ltr'>integro</span> <span class='ocrx_word' id='word_1_27' title='bbox 1279 1252 1434 1299; x_wconf 91' lang='lat' dir='ltr'>editus</span> <span class='ocrx_word' id='word_1_28' title='bbox 1451 1256 1523 1298; x_wconf 92' lang='lat' dir='ltr'>est</span> 
     </span>
     <span class='ocr_line' id='line_1_5' title="bbox 116 1335 1522 1400; baseline -0.005 -12"><span class='ocrx_word' id='word_1_29' title='bbox 116 1353 266 1400; x_wconf 89' lang='lat' dir='ltr'>usque</span> <span class='ocrx_word' id='word_1_30' title='bbox 292 1340 350 1387; x_wconf 85' lang='lat' dir='ltr'>ad</span> <span class='ocrx_word' id='word_1_31' title='bbox 378 1353 557 1387; x_wconf 86' lang='lat' dir='ltr'>annum</span> <span class='ocrx_word' id='word_1_32' title='bbox 592 1341 735 1394; x_wconf 69' lang='lat'>1544,</span> <span class='ocrx_word' id='word_1_33' title='bbox 765 1338 882 1385; x_wconf 88' lang='lat' dir='ltr'>adeo</span> <span class='ocrx_word' id='word_1_34' title='bbox 911 1350 1134 1397; x_wconf 76' lang='lat' dir='ltr'>prospere</span> <span class='ocrx_word' id='word_1_35' title='bbox 1165 1336 1407 1383; x_wconf 90' lang='lat' dir='ltr'>successit.</span> <span class='ocrx_word' id='word_1_36' title='bbox 1441 1335 1522 1381; x_wconf 92' lang='lat' dir='ltr'>His</span> 
     </span>
     <span class='ocr_line' id='line_1_6' title="bbox 116 1421 1285 1481; baseline -0.003 -11"><span class='ocrx_word' id='word_1_37' title='bbox 116 1424 255 1470; x_wconf 89' lang='lat' dir='ltr'>etiam</span> <span class='ocrx_word' id='word_1_38' title='bbox 278 1423 446 1470; x_wconf 85' lang='lat' dir='ltr'>diebus</span> <span class='ocrx_word' id='word_1_39' title='bbox 467 1422 611 1470; x_wconf 87' lang='lat' dir='ltr'>editio</span> <span class='ocrx_word' id='word_1_40' title='bbox 640 1435 760 1468; x_wconf 87' lang='lat' dir='ltr'>nova</span> <span class='ocrx_word' id='word_1_41' title='bbox 788 1421 981 1481; x_wconf 81' lang='lat' dir='ltr'>produci</span> <span class='ocrx_word' id='word_1_42' title='bbox 1011 1425 1174 1480; x_wconf 88' lang='lat' dir='ltr'>coepta</span> <span class='ocrx_word' id='word_1_43' title='bbox 1199 1425 1285 1466; x_wconf 88' lang='lat' dir='ltr'>est.</span> 
     </span>
    </p>

    <p class='ocr_par' dir='ltr' id='par_1_4' title="bbox 118 1502 1531 1981">
     <span class='ocr_line' id='line_1_7' title="bbox 179 1502 1526 1565; baseline -0.003 -13"><span class='ocrx_word' id='word_1_44' title='bbox 179 1507 253 1552; x_wconf 90' lang='lat' dir='ltr'>Nil</span> <span class='ocrx_word' id='word_1_45' title='bbox 282 1506 339 1552; x_wconf 91' lang='lat' dir='ltr'>de</span> <span class='ocrx_word' id='word_1_46' title='bbox 367 1506 608 1565; x_wconf 89' lang='lat' dir='ltr'>scriptoris</span> <span class='ocrx_word' id='word_1_47' title='bbox 637 1505 728 1551; x_wconf 89' lang='lat' dir='ltr'>vita</span> <span class='ocrx_word' id='word_1_48' title='bbox 755 1505 1038 1563; x_wconf 85' lang='lat' dir='ltr'>accepimus,</span> <span class='ocrx_word' id='word_1_49' title='bbox 1076 1503 1168 1550; x_wconf 90' lang='lat' dir='ltr'>nisi</span> <span class='ocrx_word' id='word_1_50' title='bbox 1206 1516 1311 1550; x_wconf 87' lang='lat' dir='ltr'>eum</span> <span class='ocrx_word' id='word_1_51' title='bbox 1350 1502 1526 1548; x_wconf 85' lang='lat' dir='ltr'>Retho-</span> 
     </span>
     <span class='ocr_line' id='line_1_8' title="bbox 119 1586 1526 1650; baseline -0.004 -15"><span class='ocrx_word' id='word_1_52' title='bbox 119 1589 241 1648; x_wconf 85' lang='lat' dir='ltr'>magi</span> <span class='ocrx_word' id='word_1_53' title='bbox 270 1594 451 1641; x_wconf 85' lang='lat' dir='ltr'>natum,</span> <span class='ocrx_word' id='word_1_54' title='bbox 482 1588 795 1634; x_wconf 73' lang='lat' dir='ltr'>sacerdotium</span> <span class='ocrx_word' id='word_1_55' title='bbox 826 1588 1093 1634; x_wconf 84' lang='lat' dir='ltr'>exercuisse</span> <span class='ocrx_word' id='word_1_56' title='bbox 1122 1586 1171 1631; x_wconf 90' lang='lat' dir='ltr'>in</span> <span class='ocrx_word' id='word_1_57' title='bbox 1202 1598 1316 1650; x_wconf 83' lang='lat' dir='ltr'>pago</span> <span class='ocrx_word' id='word_1_58' title='bbox 1349 1586 1526 1632; x_wconf 84' lang='lat' dir='ltr'>Meraco</span> 
     </span>
     <span class='ocr_line' id='line_1_9' title="bbox 118 1669 1530 1731; baseline -0.004 -13"><span class='ocrx_word' id='word_1_59' title='bbox 118 1678 163 1719; x_wconf 88' lang='lat' dir='ltr'>et</span> <span class='ocrx_word' id='word_1_60' title='bbox 192 1672 288 1731; x_wconf 86' lang='lat' dir='ltr'>jam</span> <span class='ocrx_word' id='word_1_61' title='bbox 324 1672 414 1717; x_wconf 87' lang='lat' dir='ltr'>vita</span> <span class='ocrx_word' id='word_1_62' title='bbox 449 1670 720 1717; x_wconf 85' lang='lat' dir='ltr'>defunctum</span> <span class='ocrx_word' id='word_1_63' title='bbox 752 1670 897 1716; x_wconf 79' lang='lat' dir='ltr'>fuisse</span> <span class='ocrx_word' id='word_1_64' title='bbox 935 1682 1028 1728; x_wconf 92' lang='lat' dir='ltr'>quo</span> <span class='ocrx_word' id='word_1_65' title='bbox 1060 1681 1185 1715; x_wconf 89' lang='lat' dir='ltr'>anno</span> <span class='ocrx_word' id='word_1_66' title='bbox 1217 1669 1420 1715; x_wconf 90' lang='lat' dir='ltr'>emissus</span> <span class='ocrx_word' id='word_1_67' title='bbox 1459 1673 1530 1714; x_wconf 87' lang='lat' dir='ltr'>est</span> 
     </span>
     <span class='ocr_line' id='line_1_10' title="bbox 119 1749 1531 1815; baseline -0.004 -14"><span class='ocrx_word' id='word_1_68' title='bbox 119 1756 221 1815; x_wconf 90' lang='lat' dir='ltr'>ejus</span> <span class='ocrx_word' id='word_1_69' title='bbox 243 1754 379 1801; x_wconf 83' lang='lat' dir='ltr'>liber.</span> <span class='ocrx_word' id='word_1_70' title='bbox 407 1754 648 1800; x_wconf 78' lang='lat' dir='ltr'>Nonnulla</span> <span class='ocrx_word' id='word_1_71' title='bbox 675 1765 865 1812; x_wconf 87' lang='lat' dir='ltr'>quoque</span> <span class='ocrx_word' id='word_1_72' title='bbox 887 1753 1096 1799; x_wconf 84' lang='lat' dir='ltr'>carmina</span> <span class='ocrx_word' id='word_1_73' title='bbox 1124 1753 1375 1811; x_wconf 77' lang='lat' dir='ltr'>scripserat</span> <span class='ocrx_word' id='word_1_74' title='bbox 1396 1749 1460 1811; x_wconf 77' lang='lat'>(1)</span> <span class='ocrx_word' id='word_1_75' title='bbox 1486 1754 1531 1797; x_wconf 87' lang='lat' dir='ltr'>et</span> 
     </span>
     <span class='ocr_line' id='line_1_11' title="bbox 120 1835 1530 1896; baseline -0.004 -12"><span class='ocrx_word' id='word_1_76' title='bbox 120 1838 398 1896; x_wconf 87' lang='lat' dir='ltr'>opusculum</span> <span class='ocrx_word' id='word_1_77' title='bbox 423 1836 660 1895; x_wconf 84' lang='lat' dir='ltr'>quoddam</span> <span class='ocrx_word' id='word_1_78' title='bbox 681 1836 738 1882; x_wconf 88' lang='lat' dir='ltr'>de</span> <span class='ocrx_word' id='word_1_79' title='bbox 760 1836 1062 1883; x_wconf 81' lang='lat' dir='ltr'>Immaculata</span> <span class='ocrx_word' id='word_1_80' title='bbox 1084 1835 1399 1894; x_wconf 86' lang='lat' dir='ltr'>Conceptione</span> <span class='ocrx_word' id='word_1_81' title='bbox 1420 1836 1530 1880; x_wconf 88' lang='lat' dir='ltr'>Bea-</span> 
     </span>
     <span class='ocr_line' id='line_1_12' title="bbox 122 1919 511 1981; baseline 0 -15"><span class='ocrx_word' id='word_1_82' title='bbox 122 1926 195 1966; x_wconf 83' lang='lat' dir='ltr'>tae</span> <span class='ocrx_word' id='word_1_83' title='bbox 221 1921 394 1967; x_wconf 87' lang='lat' dir='ltr'>Mariae</span> <span class='ocrx_word' id='word_1_84' title='bbox 425 1919 511 1981; x_wconf 72' lang='lat'>(2).</span> 
     </span>
    </p>

    <p class='ocr_par' dir='ltr' id='par_1_5' title="bbox 122 2001 1536 2479">
     <span class='ocr_line' id='line_1_13' title="bbox 186 2001 1530 2050; baseline -0.002 -1"><span class='ocrx_word' id='word_1_85' title='bbox 186 2003 302 2050; x_wconf 87' lang='lat' dir='ltr'>Cum</span> <span class='ocrx_word' id='word_1_86' title='bbox 353 2007 509 2049; x_wconf 84' lang='lat' dir='ltr'>autem</span> <span class='ocrx_word' id='word_1_87' title='bbox 556 2003 878 2049; x_wconf 80' lang='lat' dir='ltr'>lnlortunatus</span> <span class='ocrx_word' id='word_1_88' title='bbox 924 2003 1207 2049; x_wconf 82' lang='lat' dir='ltr'>asseruisset</span> <span class='ocrx_word' id='word_1_89' title='bbox 1251 2001 1530 2048; x_wconf 85' lang='lat' dir='ltr'>rhetoricam</span> 
     </span>
     <span class='ocr_line' id='line_1_14' title="bbox 122 2085 1533 2145; baseline -0.003 -13"><span class='ocrx_word' id='word_1_90' title='bbox 122 2087 171 2132; x_wconf 89' lang='lat' dir='ltr'>in</span> <span class='ocrx_word' id='word_1_91' title='bbox 201 2086 318 2132; x_wconf 88' lang='lat' dir='ltr'>duas</span> <span class='ocrx_word' id='word_1_92' title='bbox 348 2091 506 2145; x_wconf 86' lang='lat' dir='ltr'>partes</span> <span class='ocrx_word' id='word_1_93' title='bbox 534 2085 707 2139; x_wconf 90' lang='lat' dir='ltr'>dividi,</span> <span class='ocrx_word' id='word_1_94' title='bbox 738 2087 932 2132; x_wconf 88' lang='lat' dir='ltr'>alteram</span> <span class='ocrx_word' id='word_1_95' title='bbox 962 2086 1020 2133; x_wconf 91' lang='lat' dir='ltr'>de</span> <span class='ocrx_word' id='word_1_96' title='bbox 1056 2085 1300 2137; x_wconf 84' lang='lat' dir='ltr'>versibus,</span> <span class='ocrx_word' id='word_1_97' title='bbox 1339 2085 1533 2130; x_wconf 86' lang='lat' dir='ltr'>alteram</span> 
     </span>
     <span class='ocr_line' id='line_1_15' title="bbox 125 2166 1534 2229; baseline -0.002 -14"><span class='ocrx_word' id='word_1_98' title='bbox 125 2170 182 2216; x_wconf 89' lang='lat' dir='ltr'>de</span> <span class='ocrx_word' id='word_1_99' title='bbox 213 2170 366 2215; x_wconf 89' lang='lat' dir='ltr'>soluta</span> <span class='ocrx_word' id='word_1_100' title='bbox 395 2170 631 2223; x_wconf 86' lang='lat' dir='ltr'>oratione,</span> <span class='ocrx_word' id='word_1_101' title='bbox 663 2170 810 2216; x_wconf 82' lang='lat' dir='ltr'>Faber</span> <span class='ocrx_word' id='word_1_102' title='bbox 843 2174 888 2216; x_wconf 82' lang='lat' dir='ltr'>et</span> <span class='ocrx_word' id='word_1_103' title='bbox 918 2170 1045 2229; x_wconf 90' lang='lat' dir='ltr'>ipse,</span> <span class='ocrx_word' id='word_1_104' title='bbox 1084 2169 1245 2215; x_wconf 88' lang='lat' dir='ltr'>eadem</span> <span class='ocrx_word' id='word_1_105' title='bbox 1275 2180 1390 2214; x_wconf 92' lang='lat' dir='ltr'>usus</span> <span class='ocrx_word' id='word_1_106' title='bbox 1419 2166 1534 2213; x_wconf 91' lang='lat' dir='ltr'>divi-</span> 
     </span>
     <span class='ocr_line' id='line_1_16' title="bbox 125 2252 1534 2312; baseline -0.003 -12"><span class='ocrx_word' id='word_1_107' title='bbox 125 2253 276 2311; x_wconf 86' lang='lat' dir='ltr'>sione,</span> <span class='ocrx_word' id='word_1_108' title='bbox 308 2254 484 2312; x_wconf 85' lang='lat' dir='ltr'>quippe</span> <span class='ocrx_word' id='word_1_109' title='bbox 523 2254 603 2312; x_wconf 90' lang='lat' dir='ltr'>qui</span> <span class='ocrx_word' id='word_1_110' title='bbox 638 2266 687 2299; x_wconf 85' lang='lat' dir='ltr'>se</span> <span class='ocrx_word' id='word_1_111' title='bbox 723 2253 957 2312; x_wconf 89' lang='lat' dir='ltr'>imprimis</span> <span class='ocrx_word' id='word_1_112' title='bbox 993 2252 1270 2298; x_wconf 81' lang='lat' dir='ltr'>lufortunati</span> <span class='ocrx_word' id='word_1_113' title='bbox 1303 2253 1534 2310; x_wconf 86' lang='lat' dir='ltr'>interpre-</span> 
     </span>
     <span class='ocr_line' id='line_1_17' title="bbox 127 2334 1536 2395; baseline -0.001 -13"><span class='ocrx_word' id='word_1_114' title='bbox 127 2342 217 2382; x_wconf 87' lang='lat' dir='ltr'>tem</span> <span class='ocrx_word' id='word_1_115' title='bbox 248 2337 445 2395; x_wconf 84' lang='lat' dir='ltr'>gesserit</span> <span class='ocrx_word' id='word_1_116' title='bbox 472 2342 516 2382; x_wconf 85' lang='lat' dir='ltr'>et</span> <span class='ocrx_word' id='word_1_117' title='bbox 543 2337 678 2395; x_wconf 88' lang='lat' dir='ltr'>quasi</span> <span class='ocrx_word' id='word_1_118' title='bbox 708 2336 1082 2395; x_wconf 80' lang='lat' dir='ltr'>explanatorem,</span> <span class='ocrx_word' id='word_1_119' title='bbox 1115 2335 1172 2382; x_wconf 89' lang='lat' dir='ltr'>de</span> <span class='ocrx_word' id='word_1_120' title='bbox 1210 2342 1409 2393; x_wconf 89' lang='lat' dir='ltr'>utraque</span> <span class='ocrx_word' id='word_1_121' title='bbox 1437 2334 1536 2381; x_wconf 89' lang='lat' dir='ltr'>dis-</span> 
     </span>
     <span class='ocr_line' id='line_1_18' title="bbox 129 2418 1324 2479; baseline -0.007 -13"><span class='ocrx_word' id='word_1_122' title='bbox 129 2420 242 2466; x_wconf 83' lang='lat' dir='ltr'>serit</span> <span class='ocrx_word' id='word_1_123' title='bbox 268 2436 277 2464; x_wconf 88' lang='lat'><strong>:</strong></span> <span class='ocrx_word' id='word_1_124' title='bbox 309 2419 435 2465; x_wconf 83' lang='lat' dir='ltr'>unde</span> <span class='ocrx_word' id='word_1_125' title='bbox 461 2419 583 2465; x_wconf 82' lang='lat' dir='ltr'>tituli</span> <span class='ocrx_word' id='word_1_126' title='bbox 610 2420 750 2466; x_wconf 83' lang='lat' dir='ltr'>verba</span> <span class='ocrx_word' id='word_1_127' title='bbox 786 2438 803 2460; x_wconf 85' lang='grc'>((</span> <span class='ocrx_word' id='word_1_128' title='bbox 823 2419 979 2479; x_wconf 68' lang='grc' dir='ltr'><em>ρίεῖήε</em></span> <span class='ocrx_word' id='word_1_129' title='bbox 1003 2418 1273 2479; x_wconf 61' lang='grc' dir='ltr'>νήέτονίρῑιθ.</span> <span class='ocrx_word' id='word_1_130' title='bbox 1306 2435 1324 2458; x_wconf 84' lang='grc'>»</span> 
     </span>
    </p>

    <p class='ocr_par' dir='ltr' id='par_1_6' title="bbox 196 2502 1537 2562">
     <span class='ocr_line' id='line_1_19' title="bbox 196 2502 1537 2562; baseline 0 -14"><span class='ocrx_word' id='word_1_131' title='bbox 196 2503 401 2549; x_wconf 86' lang='lat' dir='ltr'>Priorem</span> <span class='ocrx_word' id='word_1_132' title='bbox 432 2515 537 2549; x_wconf 89' lang='lat' dir='ltr'>vero</span> <span class='ocrx_word' id='word_1_133' title='bbox 575 2503 682 2549; x_wconf 85' lang='lat' dir='ltr'>libri</span> <span class='ocrx_word' id='word_1_134' title='bbox 711 2508 917 2562; x_wconf 88' lang='lat' dir='ltr'>partem,</span> <span class='ocrx_word' id='word_1_135' title='bbox 948 2515 974 2548; x_wconf 84' lang='lat' dir='ltr'>a</span> <span class='ocrx_word' id='word_1_136' title='bbox 1001 2502 1244 2561; x_wconf 88' lang='lat' dir='ltr'>proposito</span> <span class='ocrx_word' id='word_1_137' title='bbox 1284 2513 1387 2548; x_wconf 90' lang='lat' dir='ltr'>meo</span> <span class='ocrx_word' id='word_1_138' title='bbox 1425 2502 1537 2548; x_wconf 90' lang='lat' dir='ltr'>alie-</span> 
     </span>
    </p>
   </div>
   <div class='ocr_carea' id='block_1_4' title="bbox 174 2678 825 2780">
    <p class='ocr_par' dir='ltr' id='par_1_7' title="bbox 174 2678 825 2780">
     <span class='ocr_line' id='line_1_20' title="bbox 174 2678 825 2720; baseline 0.002 -8"><span class='ocrx_word' id='word_1_139' title='bbox 174 2681 217 2720; x_wconf 82' lang='lat'>(1)</span> <span class='ocrx_word' id='word_1_140' title='bbox 240 2678 292 2712; x_wconf 89' lang='lat' dir='ltr'>Cf.</span> <span class='ocrx_word' id='word_1_141' title='bbox 318 2679 512 2720; x_wconf 86' lang='lat' dir='ltr'>Pellissier,</span> <span class='ocrx_word' id='word_1_142' title='bbox 535 2682 601 2711; x_wconf 86' lang='lat' dir='ltr'>loc.</span> <span class='ocrx_word' id='word_1_143' title='bbox 624 2683 697 2716; x_wconf 80' lang='lat' dir='ltr'>cit..</span> <span class='ocrx_word' id='word_1_144' title='bbox 721 2690 754 2720; x_wconf 87' lang='lat' dir='ltr'>p.</span> <span class='ocrx_word' id='word_1_145' title='bbox 780 2680 825 2713; x_wconf 74' lang='lat'>1-2.</span> 
     </span>
     <span class='ocr_line' id='line_1_21' title="bbox 175 2739 803 2780; baseline 0.002 -10"><span class='ocrx_word' id='word_1_146' title='bbox 175 2739 218 2780; x_wconf 71' lang='lat'>(⁶2)</span> <span class='ocrx_word' id='word_1_147' title='bbox 240 2739 292 2771; x_wconf 87' lang='lat' dir='ltr'>Cf.</span> <span class='ocrx_word' id='word_1_148' title='bbox 317 2739 491 2780; x_wconf 82' lang='lat' dir='ltr'>Zschalig,</span> <span class='ocrx_word' id='word_1_149' title='bbox 515 2743 581 2772; x_wconf 85' lang='lat' dir='ltr'>loc.</span> <span class='ocrx_word' id='word_1_150' title='bbox 604 2741 678 2779; x_wconf 62' lang='lat' dir='ltr'>cit„</span> <span class='ocrx_word' id='word_1_151' title='bbox 700 2750 733 2780; x_wconf 86' lang='lat' dir='ltr'>p.</span> <span class='ocrx_word' id='word_1_152' title='bbox 754 2740 803 2771; x_wconf 69' lang='lat'>21.</span> 
     </span>
    </p>
   </div>
  </div>
 </body>
</html>
