1788 3055
704 207 912 246 ,91-

103 298 326 357 quentia,
362 298 678 357 plurimisque
716 299 986 345 memoratis
1025 311 1127 345 cum
1170 299 1378 357 profanis
1418 304 1516 345 tum
1583 336 1588 341 .

104 381 245 427 etiam
284 381 429 427 sacris
460 381 573 427 viris
611 382 691 439 qui
732 394 833 427 eam
868 381 992 439 apud
1036 386 1212 427 veteres
1246 383 1516 435 coluerunt,

105 462 358 509 Gratianus
399 463 513 521 quid
558 464 606 508 in
652 468 808 509 mente
845 463 1017 510 habeat
1057 464 1132 509 his
1178 464 1331 511 verbis
1369 465 1519 510 decla-

106 550 176 591 rat
211 561 221 590 :
262 562 280 586 <1
319 546 442 591 Pour
480 545 612 591 venir
648 559 706 591 au
744 546 830 591 but
867 545 924 592 de
964 550 1124 592 nostre
1158 559 1356 605 propos,
1394 547 1520 594 desir

106 631 151 673 et
210 627 478 681 intention,
534 627 566 672 il
616 641 644 687 y
694 641 720 673 a
772 627 895 674 deux
949 628 1183 675 manieres
1235 629 1292 675 de
1344 630 1515 676 Rheto-

107 709 268 768 ricque
297 710 525 769 vulgaire.
562 710 705 756 L'une
737 716 808 757 est
845 710 966 756 dicte
1007 711 1306 769 rhetoricque
1339 714 1521 769 prosai-

108 804 225 850 que,
279 792 466 838 l’aultre
520 793 820 851 rhetoricque
870 792 1126 845 metrifiee,
1178 794 1290 839 c'est
1340 807 1363 838 a
1421 793 1521 840 dire

107 874 304 925 rithme.
334 875 540 934 laquelle
577 887 626 921 se
664 876 771 921 faict
806 888 889 934 par
926 887 1029 922 vers
1067 881 1111 921 et
1146 880 1354 922 mettres.
1385 877 1450 921 De
1480 877 1522 921 la

107 958 406 1017 prosaicque,
431 970 457 1002 a
482 969 621 1003 cause
644 957 700 1003 de
721 957 944 1013 hrefvete‚
962 970 1076 1004 vous
1101 962 1382 1004 remettrons
1403 970 1523 1017 pour

108 1040 151 1086 le
184 1044 376 1099 present
402 1053 429 1085 a
456 1040 530 1086 feu
558 1041 620 1086 Me
650 1041 805 1086 Pierre
832 1040 998 1093 Fabri,
1030 1053 1085 1086 en
1117 1053 1203 1087 son
1233 1041 1389 1087 vivant
1416 1041 1523 1087 cure

109 1123 166 1169 de
194 1124 371 1182 Merey,
404 1123 485 1181 qui
515 1135 571 1169 en
601 1137 626 1168 a
661 1124 792 1182 parle
829 1136 885 1170 en
916 1137 1003 1169 son
1034 1124 1146 1170 livre
1180 1125 1369 1170 intitule
1400 1123 1526 1168 Z'Art

108 1205 165 1249 cle
192 1204 354 1264 plaiae
382 1204 667 1265 Rhetorique
694 1218 825 1251 assez
864 1219 920 1251 au
961 1205 1071 1264 long
1096 1212 1140 1252 et
1174 1219 1233 1251 au
1262 1219 1394 1265 vray,
1425 1219 1526 1264 par·

111 1301 236 1347 quoy
252 1300 302 1334 ce
326 1301 382 1334 ne
404 1289 549 1334 seroit
572 1301 663 1346 que
680 1288 870 1335 redicte.
897 1290 1100 1344 Quanta
1123 1289 1167 1334 la
1190 1289 1311 1334 dicte
1333 1289 1522 1338 rithme,

112 1368 195 1428 qui
224 1382 275 1416 se
302 1370 410 1416 faict
438 1383 521 1429 par
546 1383 647 1417 vers
677 1376 721 1416 et
749 1376 958 1423 memes,
986 1371 1042 1417 de
1071 1372 1274 1430 laquelle
1301 1384 1423 1417 nous
1451 1383 1527 1416 en-

112 1452 316 1499 tendons
364 1454 519 1512 parler
565 1466 621 1499 en
668 1459 828 1499 nostre
876 1459 1094 1512 presente
1134 1454 1276 1513 petite
1320 1454 1524 1512 preface,

113 1536 269 1593 qu‘est
306 1536 412 1594 plus
444 1535 637 1582 subtille
674 1541 717 1582 et
754 1535 962 1582 difficille
1005 1549 1096 1594 que
1138 1537 1179 1581 la
1214 1537 1335 1582 dicte
1364 1548 1525 1595 prose,

115 1630 230 1664 vous
258 1630 315 1663 en
343 1617 507 1663 dirons
531 1624 823 1677 moyennant
847 1619 891 1663 la
915 1631 1047 1677 grace
1076 1619 1137 1664 du
1162 1620 1321 1665 Sainct
1346 1619 1530 1677 Esperit

116 1701 348 1760 quelques
376 1701 543 1747 choses
570 1714 711 1747 encor
736 1714 830 1747 non
861 1701 1188 1747 descouvertes
1217 1715 1280 1761 ny
1308 1702 1529 1748 revellees

116 1795 200 1842 par
235 1783 301 1829 les
329 1784 556 1829 autheurs
593 1796 684 1842 que
714 1784 914 1842 jusques
945 1785 1013 1843 yci
1044 1797 1164 1830 nous
1194 1789 1301 1830 sont
1330 1797 1477 1830 venuz
1505 1797 1531 1829 a

117 1865 270 1912 notice
304 1867 484 1924 parles
522 1866 654 1912 faictz
682 1867 739 1912 de
781 1868 906 1912 leurs
944 1879 1139 1913 oeuvres
1180 1867 1454 1926 divulguees
1488 1872 1532 1912 et

117 1948 411 1994 manifestes,
445 1966 467 1991 »

186 2031 315 2077 Poesi
345 2031 517 2078 deinde
542 2045 644 2078 cum
674 2033 852 2078 musica
877 2039 1410 2092 comparata,quaenam
1438 2033 1534 2078 sint

118 2113 242 2160 inter
279 2127 332 2159 ea
368 2115 710 2161 similitudines
747 2116 1056 2168 adnumerat;
1099 2116 1272 2162 deinde
1313 2116 1370 2161 de
1416 2127 1533 2161 sono

119 2202 164 2243 et
192 2209 315 2249 voce,
348 2197 405 2243 de
433 2198 619 2251 litteris,
646 2199 862 2258 syllahiS,
889 2200 1044 2245 verbis
1073 2204 1117 2245 et
1145 2212 1363 2245 sermone
1386 2198 1534 2244 disse-

120 2281 196 2332 rit,
227 2282 518 2339 argumentis
554 2281 796 2340 plerisque
824 2295 879 2328 ex
909 2283 1018 2328 Arte
1047 2282 1348 2341 provincialis
1377 2282 1532 2328 rheto-

122 2364 242 2409 ricae
278 2364 350 2410 cui
392 2365 557 2411 titulus
595 2370 666 2411 est
694 2364 834 2409 Flors
867 2365 942 2409 del
976 2364 1083 2425 Gay
1122 2365 1272 2410 Saber
1310 2365 1531 2423 sumptiS.

122 2446 304 2493 Deinde
332 2447 578 2506 rhythmos
602 2448 648 2493 in
679 2448 772 2493 duo
801 2460 971 2506 genera
999 2448 1258 2502 distribuit,
1283 2446 1458 2493 scilicet
1486 2447 1534 2492 in

123 2529 334 2588 duplices
355 2530 600 2589 rhythmos
623 2535 666 2576 et
684 2531 731 2575 in
755 2531 1002 2582 cruciatos,
1024 2542 1225 2588 quorum
1250 2529 1308 2574 ab
1336 2533 1536 2587 utroque

125 2611 362 2657 ducuntur
389 2612 481 2657 alia
505 2611 665 2658 omnia
694 2625 864 2671 genera
891 2625 1011 2670 quae
1039 2618 1150 2658 sunt
1179 2628 1188 2657 z
1218 2630 1236 2652 (ι
1261 2612 1432 2657 rithme
1461 2624 1535 2656 ru-

127 2694 267 2745 ralle‚
301 2707 336 2739 r.
368 2694 560 2753 simple,
593 2708 632 2740 r.
671 2695 822 2750 riche,
856 2708 892 2739 r.
926 2695 1140 2747 leonine,
1177 2708 1213 2740 r.
1247 2693 1531 2749 rondeliste,
